-->
    <marc:record>
        <marc:leader>05077 am a22006733u 450 </marc:leader>
        <marc:controlfield tag="001">999919947021702202</marc:controlfield>
        <marc:controlfield tag="005">20200903223051.0</marc:controlfield>
        <marc:controlfield tag="006">m     o  d |      </marc:controlfield>
        <marc:controlfield tag="007">cr -n---------</marc:controlfield>
        <marc:controlfield tag="008">141220t20152015ne      ob    001 0 eng d</marc:controlfield>
        <marc:datafield tag="020" ind1=" " ind2=" ">
            <marc:subfield code="a">90-04-28434-6</marc:subfield>
        </marc:datafield>
        <marc:datafield tag="024" ind1="7" ind2=" ">
            <marc:subfield code="a">10.1163/9789004284340</marc:subfield>
            <marc:subfield code="2">DOI</marc:subfield>
        </marc:datafield>
        <marc:datafield tag="040" ind1=" " ind2=" ">
            <marc:subfield code="a">MiAaPQ</marc:subfield>
            <marc:subfield code="b">eng</marc:subfield>
            <marc:subfield code="e">rda</marc:subfield>
            <marc:subfield code="e">pn</marc:subfield>
            <marc:subfield code="c">MiAaPQ</marc:subfield>
            <marc:subfield code="d">MiAaPQ</marc:subfield>
        </marc:datafield>
        <marc:datafield tag="041" ind1=" " ind2=" ">
            <marc:subfield code="a">eng</marc:subfield>
        </marc:datafield>
        <marc:datafield tag="050" ind1=" " ind2="4">
            <marc:subfield code="a">PJ7593</marc:subfield>
            <marc:subfield code="b">.I58 2015</marc:subfield>
        </marc:datafield>
        <marc:datafield tag="072" ind1=" " ind2="7">
            <marc:subfield code="a">HRH</marc:subfield>
            <marc:subfield code="2">bicssc</marc:subfield>
        </marc:datafield>
        <marc:datafield tag="072" ind1=" " ind2="7">
            <marc:subfield code="a">PJ</marc:subfield>
            <marc:subfield code="2">lcco</marc:subfield>
        </marc:datafield>
        <marc:datafield tag="072" ind1=" " ind2="7">
            <marc:subfield code="a">REL037000</marc:subfield>
            <marc:subfield code="2">bisacsh</marc:subfield>
        </marc:datafield>
        <marc:datafield tag="082" ind1="0" ind2=" ">
            <marc:subfield code="a">492/.717</marc:subfield>
            <marc:subfield code="2">23</marc:subfield>
        </marc:datafield>
        <marc:datafield tag="110" ind1="2" ind2=" ">
            <marc:subfield code="a">International Society for Arabyic Papyrology.</marc:subfield>
            <marc:subfield code="b">Conference</marc:subfield>
            <marc:subfield code="n">(3rd :</marc:subfield>
            <marc:subfield code="d">2006 :</marc:subfield>
            <marc:subfield code="c">Alexandria, Egypt)</marc:subfield>
        </marc:datafield>
        <marc:datafield tag="245" ind1="0" ind2="0">
            <marc:subfield code="a">Documents and the history of the early Islamic world /</marc:subfield>
            <marc:subfield code="c">edited by Alexander T. Schubert, Petra M. Sijpesteijn.</marc:subfield>
        </marc:datafield>
        <marc:datafield tag="264" ind1=" " ind2="1">
            <marc:subfield code="a">Leiden, Netherlands :</marc:subfield>
            <marc:subfield code="b">BRILL,</marc:subfield>
            <marc:subfield code="c">2015.</marc:subfield>
        </marc:datafield>
        <marc:datafield tag="264" ind1=" " ind2="4">
            <marc:subfield code="c">©2015</marc:subfield>
        </marc:datafield>
        <marc:datafield tag="300" ind1=" " ind2=" ">
            <marc:subfield code="a">1 online resource (327 pages)</marc:subfield>
        </marc:datafield>
        <marc:datafield tag="336" ind1=" " ind2=" ">
            <marc:subfield code="a">text</marc:subfield>
            <marc:subfield code="b">txt</marc:subfield>
        </marc:datafield>
        <marc:datafield tag="337" ind1=" " ind2=" ">
            <marc:subfield code="a">computer</marc:subfield>
            <marc:subfield code="b">c</marc:subfield>
        </marc:datafield>
        <marc:datafield tag="338" ind1=" " ind2=" ">
            <marc:subfield code="a">online resource</marc:subfield>
            <marc:subfield code="b">cr</marc:subfield>
        </marc:datafield>
        <marc:datafield tag="490" ind1="1" ind2=" ">
            <marc:subfield code="a">Islamic History and Civilization. Studies and Texts,</marc:subfield>
            <marc:subfield code="x">0929-2403 ;</marc:subfield>
            <marc:subfield code="v">Volume 111</marc:subfield>
        </marc:datafield>
        <marc:datafield tag="500" ind1=" " ind2=" ">
            <marc:subfield code="a">Description based upon print version of record.</marc:subfield>
        </marc:datafield>
        <marc:datafield tag="504" ind1=" " ind2=" ">
            <marc:subfield code="a">Includes bibliographical references at the end of each chapters and index.</marc:subfield>
        </marc:datafield>
        <marc:datafield tag="505" ind1="0" ind2="0">
            <marc:subfield code="t">Front Matter -- </marc:subfield>
            <marc:subfield code="t">Copyright Page -- </marc:subfield>
            <marc:subfield code="t">Acknowledgements -- </marc:subfield>
            <marc:subfield code="t">Notes on Contributors -- </marc:subfield>
            <marc:subfield code="t">Notes on Editions and Dates -- </marc:subfield>
            <marc:subfield code="t">Introduction /</marc:subfield>
            <marc:subfield code="r">Hugh Kennedy -- </marc:subfield>
            <marc:subfield code="t">Administration and Government -- </marc:subfield>
            <marc:subfield code="t">A Late Ayyubid Report of Death Found at Quṣayr al-Qadīm /</marc:subfield>
            <marc:subfield code="r">Anne Regourd -- </marc:subfield>
            <marc:subfield code="t">On the Identity of Shahrālānyōzān in the Greek and Middle Persian Papyri from Egypt /</marc:subfield>
            <marc:subfield code="r">Jairus Banaji -- </marc:subfield>
            <marc:subfield code="t">Le monastère de Baouît et l' administration arabe /</marc:subfield>
            <marc:subfield code="r">Alain Delattre -- </marc:subfield>
            <marc:subfield code="t">Fiscal Evidence from the Nessana Papyri /</marc:subfield>
            <marc:subfield code="r">Shaun O'Sullivan -- </marc:subfield>
            <marc:subfield code="t">Commerce and Travel -- </marc:subfield>
            <marc:subfield code="t">Travel in Coptic Documentary Texts /</marc:subfield>
            <marc:subfield code="r">Anna Selander -- </marc:subfield>
            <marc:subfield code="t">Le transport de marchandises et de personnes sur le Nil en 823 A.H./1420 È.C. /</marc:subfield>
            <marc:subfield code="r">Frédéric Bauden -- </marc:subfield>
            <marc:subfield code="t">Language and Culture -- </marc:subfield>
            <marc:subfield code="t">P.Cair.Arab III 167: A Discussion of the Akhmīm Declaration /</marc:subfield>
            <marc:subfield code="r">Mostafa El-Abbadi -- </marc:subfield>
            <marc:subfield code="t">Greek and Arabic in Nessana /</marc:subfield>
            <marc:subfield code="r">Rachel Stroumsa -- </marc:subfield>
            <marc:subfield code="t">The Master Spoke: "Take One of 'the Sun' and One Unit of Almulgam." Hitherto Unnoticed Coptic Papyrological Evidence for Early Arabic Alchemy /</marc:subfield>
            <marc:subfield code="r">Tonio Sebastian Richter -- </marc:subfield>
            <marc:subfield code="t">Terms for Vessels in Arabic and Coptic Documentary Texts and Their Archaeological and Ethnographic Correlates /</marc:subfield>
            <marc:subfield code="r">Tasha Vorderstrasse -- </marc:subfield>
            <marc:subfield code="t">A Qurānic Amulet on Papyrus: P.Utah.Ar. 342 /</marc:subfield>
            <marc:subfield code="r">W. Matt Malczycki -- </marc:subfield>
            <marc:subfield code="t">New Editions and Collections -- </marc:subfield>
            <marc:subfield code="t">Les papyrus arabes de Heidelberg disparus. Essai de reconstruction et d' analyse /</marc:subfield>
            <marc:subfield code="r">R.G. Khoury -- </marc:subfield>
            <marc:subfield code="t">Two New Arabic Editions: A Land Survey from Ihnās and Ḥadīths Concerning Funerary Practice /</marc:subfield>
            <marc:subfield code="r">Alia Hanafi -- </marc:subfield>
            <marc:subfield code="t">Sunshine Wine on the Nile /</marc:subfield>
            <marc:subfield code="r">Nicole Hansen -- </marc:subfield>
            <marc:subfield code="t">Back Matter -- </marc:subfield>
            <marc:subfield code="t">Index.</marc:subfield>
        </marc:datafield>
        <marc:datafield tag="520" ind1=" " ind2=" ">
            <marc:subfield code="a">Historians have long lamented the lack of contemporary documentary sources for the Islamic middle ages and the inhibiting effect this has had on our understanding of this critically important period. Although the field is richly served by surviving evidence, much of it is hard to locate, difficult to access, and philologically intractable. Presenting a mixture of historical studies and new editions of Greek, Arabic and Coptic material from the seventh to the fifteenth century C.E. from Egypt and Palestine, Documents and the History of the Early Islamic World explores the untapped wealth of documentary sources available in collections around the world and shows how this exciting material can be used for historical analysis. Contributors include: Hugh Kennedy, Anne Regourd, Jairus Banaji, Alain Delattre, Shaun O'Sullivan, Anna Selander, Frédéric Bauden, Mostafa El-Abbadi, Rachel Stroumsa, Sebastian Richter, Tascha Vorderstrasse, Matt Malczycki, R.G. Khoury, Nicole Hansen, and Alia Hanafi. For more titles about Papyrology, please click here .</marc:subfield>
        </marc:datafield>
        <marc:datafield tag="546" ind1=" " ind2=" ">
            <marc:subfield code="a">English</marc:subfield>
        </marc:datafield>
        <marc:datafield tag="588" ind1=" " ind2=" ">
            <marc:subfield code="a">Description based on print version record.</marc:subfield>
        </marc:datafield>
        <marc:datafield tag="650" ind1=" " ind2="0">
            <marc:subfield code="a">Manuscripts, Arabic (Papyri)</marc:subfield>
            <marc:subfield code="v">Congresses.</marc:subfield>
        </marc:datafield>
        <marc:datafield tag="655" ind1=" " ind2="4">
            <marc:subfield code="a">Electronic books.</marc:subfield>
        </marc:datafield>
        <marc:datafield tag="700" ind1="1" ind2=" ">
            <marc:subfield code="a">Schubert, Alexander T.,</marc:subfield>
            <marc:subfield code="e">editor.</marc:subfield>
        </marc:datafield>
        <marc:datafield tag="700" ind1="1" ind2=" ">
            <marc:subfield code="a">Sijpesteijn, Petra,</marc:subfield>
            <marc:subfield code="e">editor.</marc:subfield>
        </marc:datafield>
        <marc:datafield tag="710" ind1="2" ind2=" ">
            <marc:subfield code="a">International Society for Arabic Papyrology.</marc:subfield>
            <marc:subfield code="b">Conference</marc:subfield>
            <marc:subfield code="n">(3rd :</marc:subfield>
            <marc:subfield code="d">2006 :</marc:subfield>
            <marc:subfield code="c">Alexandria, Egypt)</marc:subfield>
        </marc:datafield>
        <marc:datafield tag="776" ind1=" " ind2=" ">
            <marc:subfield code="z">1-322-42003-3</marc:subfield>
        </marc:datafield>
        <marc:datafield tag="776" ind1=" " ind2=" ">
            <marc:subfield code="z">90-04-24959-1</marc:subfield>
        </marc:datafield>
        <marc:datafield tag="830" ind1=" " ind2="0">
            <marc:subfield code="a">Islamic history and civilization ;</marc:subfield>
            <marc:subfield code="v">Volume 111.</marc:subfield>
        </marc:datafield>
    </marc:record>