
    <marc:record>
        <marc:leader>04772nam a2200529 i 4500</marc:leader>
        <marc:controlfield tag="001">999920049061002202</marc:controlfield>
        <marc:controlfield tag="005">20200520144314.0</marc:controlfield>
        <marc:controlfield tag="006">m     o  d |      </marc:controlfield>
        <marc:controlfield tag="007">cr#cnu||||||||</marc:controlfield>
        <marc:controlfield tag="008">190117s2018    gw ab   ob    101 0 eng d</marc:controlfield>
        <marc:datafield tag="020" ind1=" " ind2=" ">
            <marc:subfield code="a">3-11-042145-3</marc:subfield>
        </marc:datafield>
        <marc:datafield tag="020" ind1=" " ind2=" ">
            <marc:subfield code="a">3-11-042151-8</marc:subfield>
        </marc:datafield>
        <marc:datafield tag="024" ind1="7" ind2=" ">
            <marc:subfield code="a">10.1515/9783110421453</marc:subfield>
            <marc:subfield code="2">doi</marc:subfield>
        </marc:datafield>
        <marc:datafield tag="040" ind1=" " ind2=" ">
            <marc:subfield code="a">MiAaPQ</marc:subfield>
            <marc:subfield code="b">eng</marc:subfield>
            <marc:subfield code="e">rda</marc:subfield>
            <marc:subfield code="e">pn</marc:subfield>
            <marc:subfield code="c">MiAaPQ</marc:subfield>
            <marc:subfield code="d">MiAaPQ</marc:subfield>
        </marc:datafield>
        <marc:datafield tag="041" ind1="0" ind2=" ">
            <marc:subfield code="a">eng</marc:subfield>
        </marc:datafield>
        <marc:datafield tag="044" ind1=" " ind2=" ">
            <marc:subfield code="a">gw</marc:subfield>
            <marc:subfield code="c">DE</marc:subfield>
        </marc:datafield>
        <marc:datafield tag="050" ind1=" " ind2="4">
            <marc:subfield code="a">BL785</marc:subfield>
            <marc:subfield code="b">.W363 2018</marc:subfield>
        </marc:datafield>
        <marc:datafield tag="072" ind1=" " ind2="7">
            <marc:subfield code="a">HIS002000</marc:subfield>
            <marc:subfield code="2">bisacsh</marc:subfield>
        </marc:datafield>
        <marc:datafield tag="082" ind1="0" ind2=" ">
            <marc:subfield code="a">292.1/3</marc:subfield>
            <marc:subfield code="2">23</marc:subfield>
        </marc:datafield>
        <marc:datafield tag="245" ind1="0" ind2="0">
            <marc:subfield code="a">Wandering Myths :</marc:subfield>
            <marc:subfield code="b">Transcultural Uses of Myth in the Ancient World /</marc:subfield>
            <marc:subfield code="c">Edited by Lucy Audley-Miller and Beate Dignas.</marc:subfield>
        </marc:datafield>
        <marc:datafield tag="263" ind1=" " ind2=" ">
            <marc:subfield code="a">201810</marc:subfield>
        </marc:datafield>
        <marc:datafield tag="264" ind1=" " ind2="1">
            <marc:subfield code="a">Berlin ;</marc:subfield>
            <marc:subfield code="a">Boston :</marc:subfield>
            <marc:subfield code="b">De Gruyter,</marc:subfield>
            <marc:subfield code="c">[2018]</marc:subfield>
        </marc:datafield>
        <marc:datafield tag="264" ind1=" " ind2="4">
            <marc:subfield code="c">©2018</marc:subfield>
        </marc:datafield>
        <marc:datafield tag="300" ind1=" " ind2=" ">
            <marc:subfield code="a">1 online resource (liv, 427 pages) :</marc:subfield>
            <marc:subfield code="b">illustrations, maps</marc:subfield>
        </marc:datafield>
        <marc:datafield tag="336" ind1=" " ind2=" ">
            <marc:subfield code="a">text</marc:subfield>
            <marc:subfield code="b">txt</marc:subfield>
            <marc:subfield code="2">rdacontent</marc:subfield>
        </marc:datafield>
        <marc:datafield tag="337" ind1=" " ind2=" ">
            <marc:subfield code="a">computer</marc:subfield>
            <marc:subfield code="b">c</marc:subfield>
            <marc:subfield code="2">rdamedia</marc:subfield>
        </marc:datafield>
        <marc:datafield tag="338" ind1=" " ind2=" ">
            <marc:subfield code="a">online resource</marc:subfield>
            <marc:subfield code="b">cr</marc:subfield>
            <marc:subfield code="2">rdacarrier</marc:subfield>
        </marc:datafield>
        <marc:datafield tag="500" ind1=" " ind2=" ">
            <marc:subfield code="a">"Research presented at three workshops and an international conference that were held in Oxford between January and April 2014."--Page xii.</marc:subfield>
        </marc:datafield>
        <marc:datafield tag="504" ind1=" " ind2=" ">
            <marc:subfield code="a">Includes bibliographical references and index.</marc:subfield>
        </marc:datafield>
        <marc:datafield tag="505" ind1="0" ind2="0">
            <marc:subfield code="t">Frontmatter -- </marc:subfield>
            <marc:subfield code="t">Contents -- </marc:subfield>
            <marc:subfield code="t">Preface. Wandering Myths: Transcultural Uses of Myth in the Ancient World / </marc:subfield>
            <marc:subfield code="r">Dignas, Beate / Audley-Miller, Lucy -- </marc:subfield>
            <marc:subfield code="t">Introduction. Travelling Myths, Travelling Heroes / </marc:subfield>
            <marc:subfield code="r">Fox, Robin Lane -- </marc:subfield>
            <marc:subfield code="t">Part I: Changing Cultural and Mythical Landscapes in Anatolia -- </marc:subfield>
            <marc:subfield code="t">Kingship in Heaven in Anatolia, Syria and Greece. Patterns of Convergence and Divergence / </marc:subfield>
            <marc:subfield code="r">Rutherford, Ian -- </marc:subfield>
            <marc:subfield code="t">Making Meaning of Myth. On the Interpretation of Mythological Imagery in the Polyxena Sarcophagus and the Kızılbel Tomb and the History of Achaemenid Asia Minor / </marc:subfield>
            <marc:subfield code="r">Draycott, Catherine M. -- </marc:subfield>
            <marc:subfield code="t">Myth, Memory and the Past. Wandering Heroes between Arcadia and Cyprus / </marc:subfield>
            <marc:subfield code="r">Scheer, Tanja S. -- </marc:subfield>
            <marc:subfield code="t">Part II: Reception and Innovation of Mythological Programmes between Greece and Italy -- </marc:subfield>
            <marc:subfield code="t">From Mezntie to Mezentius? The Stratigraphy of a Myth in Etruria and Rome / </marc:subfield>
            <marc:subfield code="r">de Grummond, Nancy T. -- </marc:subfield>
            <marc:subfield code="t">Pots, Plots, and Performance. Comic and Tragic Iconography in Apulian Vase Painting / </marc:subfield>
            <marc:subfield code="r">Giuliani, Luca -- </marc:subfield>
            <marc:subfield code="t">Distributed Narrative. A Very Short History of Juxtaposing Myths on Pompeian Walls / </marc:subfield>
            <marc:subfield code="r">Lorenz, Katharina -- </marc:subfield>
            <marc:subfield code="t">No One is Immortal. From Exemplum Mortalitatis to Exemplum Virtutis / </marc:subfield>
            <marc:subfield code="r">Borg, Barbara E. -- </marc:subfield>
            <marc:subfield code="t">Attic Sarcophagi. Myth Selection and the Heroising Tradition / </marc:subfield>
            <marc:subfield code="r">Ewald, B. C. -- </marc:subfield>
            <marc:subfield code="t">Part III: Wandering East, Wandering South -- </marc:subfield>
            <marc:subfield code="t">Gilgāmeš and Homer: The Missing Link? / </marc:subfield>
            <marc:subfield code="r">West, Martin -- </marc:subfield>
            <marc:subfield code="t">Myth, Memory, and Mimesis. The Inaros Cycle as Literature of Resistance / </marc:subfield>
            <marc:subfield code="r">Sérida, Rana -- </marc:subfield>
            <marc:subfield code="t">Death on the Nile: The Myth of Osiris and the Utility of History in Diodorus. Egypt In Greco-Roman Historiography / </marc:subfield>
            <marc:subfield code="r">Pitcher, Luke -- </marc:subfield>
            <marc:subfield code="t">Wandering Hero, Wandering Myths? The Image of Heracles in Iran / </marc:subfield>
            <marc:subfield code="r">Wood, Rachel -- </marc:subfield>
            <marc:subfield code="t">The Transformations of Achilles on Late Roman Mosaics in the East / </marc:subfield>
            <marc:subfield code="r">Dunbabin, Katherine M. D. -- </marc:subfield>
            <marc:subfield code="t">Epilogue / </marc:subfield>
            <marc:subfield code="r">Parker, Robert -- </marc:subfield>
            <marc:subfield code="t">Index</marc:subfield>
        </marc:datafield>
        <marc:datafield tag="520" ind1=" " ind2=" ">
            <marc:subfield code="a">In spite of the growing amount of important new work being carried out on uses of myth in particular ancient contexts, their appeal and reception beyond the framework of one culture have rarely been the primary object of enquiry in contemporary debate. Highlighting the fact that ancient societies were linked by their shared use of mythological narratives, Wandering Myths aims to advance our understanding of the mechanisms by which such tales were disseminated cross-culturally and to investigate how they gained local resonances. In order to assess both wider geographic circulations and to explore specific local features and interpretations, a regional approach is adopted, with a particular focus on Anatolia, the Near East and Italy. Contributions are drawn from a range of disciplines, and cross a wide chronological span, but all are interlinked by their engagement with questions focusing on the factors that guided the processes of reception and steered the facets of local interpretation. The Preface and Epilogue evaluate the material in a synoptic way and frame the challenging questions and views expressed in the Introduction. </marc:subfield>
        </marc:datafield>
        <marc:datafield tag="546" ind1=" " ind2=" ">
            <marc:subfield code="a">In English.</marc:subfield>
        </marc:datafield>
        <marc:datafield tag="588" ind1=" " ind2=" ">
            <marc:subfield code="a">Description based on print version record.</marc:subfield>
        </marc:datafield>
        <marc:datafield tag="650" ind1=" " ind2="0">
            <marc:subfield code="a">Mythology, Greek.</marc:subfield>
        </marc:datafield>
        <marc:datafield tag="655" ind1=" " ind2="4">
            <marc:subfield code="a">Electronic books.</marc:subfield>
        </marc:datafield>
        <marc:datafield tag="700" ind1="1" ind2=" ">
            <marc:subfield code="a">Audley-Miller, Lucy,</marc:subfield>
            <marc:subfield code="d">1977-</marc:subfield>
            <marc:subfield code="e">editor.</marc:subfield>
        </marc:datafield>
        <marc:datafield tag="700" ind1="1" ind2=" ">
            <marc:subfield code="a">Dignas, Beate,</marc:subfield>
            <marc:subfield code="d">1968-</marc:subfield>
            <marc:subfield code="e">editor.</marc:subfield>
        </marc:datafield>
        <marc:datafield tag="776" ind1=" " ind2=" ">
            <marc:subfield code="z">3-11-041685-9</marc:subfield>
        </marc:datafield>
    </marc:record>