
    <marc:record>
        <marc:leader>04590cam a2200721 c 4500</marc:leader>
        <marc:controlfield tag="001">999920101272502202</marc:controlfield>
        <marc:controlfield tag="005">20220122032109.0</marc:controlfield>
        <marc:controlfield tag="007">ta</marc:controlfield>
        <marc:controlfield tag="008">200831s2020    no a   e 6   |||||1 nob|</marc:controlfield>
        <marc:datafield tag="020" ind1=" " ind2=" ">
            <marc:subfield code="a">9788242969040</marc:subfield>
            <marc:subfield code="c">Nkr 99.00</marc:subfield>
            <marc:subfield code="q">heftet</marc:subfield>
        </marc:datafield>
        <marc:datafield tag="040" ind1=" " ind2=" ">
            <marc:subfield code="a">NO-OsBA</marc:subfield>
            <marc:subfield code="b">nob</marc:subfield>
            <marc:subfield code="e">rda</marc:subfield>
            <marc:subfield code="d">NO-OsNB</marc:subfield>
        </marc:datafield>
        <marc:datafield tag="041" ind1="1" ind2=" ">
            <marc:subfield code="a">nor</marc:subfield>
            <marc:subfield code="h">fre</marc:subfield>
        </marc:datafield>
        <marc:datafield tag="082" ind1="0" ind2="4">
            <marc:subfield code="a">741.5944</marc:subfield>
            <marc:subfield code="q">NO-OsBA</marc:subfield>
            <marc:subfield code="2">23/nor</marc:subfield>
        </marc:datafield>
        <marc:datafield tag="100" ind1="1" ind2=" ">
            <marc:subfield code="a">Bottier, Isabelle</marc:subfield>
            <marc:subfield code="d">1973-</marc:subfield>
            <marc:subfield code="0">(NO-TrBIB)1606126540369</marc:subfield>
            <marc:subfield code="4">http://rdaregistry.info/Elements/w/object/P10061</marc:subfield>
            <marc:subfield code="1">http://viaf.org/viaf/54453950</marc:subfield>
        </marc:datafield>
        <marc:datafield tag="240" ind1="1" ind2="0">
            <marc:subfield code="a">Hercule Poirot : mort sur le Nil</marc:subfield>
            <marc:subfield code="l">Norsk</marc:subfield>
            <marc:subfield code="1">http://viaf.org/viaf/3974161575638204730004</marc:subfield>
            <marc:subfield code="8">1/e</marc:subfield>
        </marc:datafield>
        <marc:datafield tag="740" ind1="1" ind2="0">
            <marc:subfield code="a">Hercule Poirot : mord på Nilen</marc:subfield>
            <marc:subfield code="8">1/e</marc:subfield>
        </marc:datafield>
        <marc:datafield tag="245" ind1="1" ind2="0">
            <marc:subfield code="a">Hercule Poirot :</marc:subfield>
            <marc:subfield code="b">mord på Nilen</marc:subfield>
            <marc:subfield code="c">basert på Agatha Christies roman ; manus: Isabelle Bottier ; tegninger: Callixte ; farger: Fabien Alquier ; oversettelse: Jens Erik Røsåsen</marc:subfield>
        </marc:datafield>
        <marc:datafield tag="246" ind1="3" ind2=" ">
            <marc:subfield code="a">Mord på Nilen</marc:subfield>
        </marc:datafield>
        <marc:datafield tag="250" ind1=" " ind2=" ">
            <marc:subfield code="a">1. utgave</marc:subfield>
        </marc:datafield>
        <marc:datafield tag="264" ind1=" " ind2="1">
            <marc:subfield code="a">[Oslo]</marc:subfield>
            <marc:subfield code="b">Egmont Kids Media Nordic AS</marc:subfield>
            <marc:subfield code="c">2020</marc:subfield>
        </marc:datafield>
        <marc:datafield tag="300" ind1=" " ind2=" ">
            <marc:subfield code="a">65 sider</marc:subfield>
            <marc:subfield code="b">illustrasjoner</marc:subfield>
            <marc:subfield code="c">29 cm</marc:subfield>
        </marc:datafield>
        <marc:datafield tag="336" ind1=" " ind2=" ">
            <marc:subfield code="a">stillbilde</marc:subfield>
            <marc:subfield code="0">http://rdaregistry.info/termList/RDAContentType/1014</marc:subfield>
            <marc:subfield code="2">rdaco</marc:subfield>
        </marc:datafield>
        <marc:datafield tag="336" ind1=" " ind2=" ">
            <marc:subfield code="a">tekst</marc:subfield>
            <marc:subfield code="0">http://rdaregistry.info/termList/RDAContentType/1020</marc:subfield>
            <marc:subfield code="2">rdaco</marc:subfield>
        </marc:datafield>
        <marc:datafield tag="337" ind1=" " ind2=" ">
            <marc:subfield code="a">uformidlet</marc:subfield>
            <marc:subfield code="0">http://rdaregistry.info/termList/RDAMediaType/1007</marc:subfield>
            <marc:subfield code="2">rdamt</marc:subfield>
        </marc:datafield>
        <marc:datafield tag="338" ind1=" " ind2=" ">
            <marc:subfield code="a">bind</marc:subfield>
            <marc:subfield code="0">http://rdaregistry.info/termList/RDACarrierType/1049</marc:subfield>
            <marc:subfield code="2">rdact</marc:subfield>
        </marc:datafield>
        <marc:datafield tag="380" ind1=" " ind2=" ">
            <marc:subfield code="a">Bildeverkk</marc:subfield>
            <marc:subfield code="0">https://schema.nb.no/Bibliographic/Values/V1000</marc:subfield>
        </marc:datafield>
        <marc:datafield tag="380" ind1=" " ind2=" ">
            <marc:subfield code="a">Språkbasert verk</marc:subfield>
            <marc:subfield code="0">https://schema.nb.no/Bibliographic/Values/V1003</marc:subfield>
        </marc:datafield>  
        <marc:datafield tag="490" ind1="1" ind2=" ">
            <marc:subfield code="a">Agatha Christie</marc:subfield>
        </marc:datafield>
        <marc:datafield tag="500" ind1=" " ind2=" ">
            <marc:subfield code="a">På omslaget: 100 år med Agatha Christie historier</marc:subfield>
        </marc:datafield>
        <marc:datafield tag="520" ind1=" " ind2=" ">
            <marc:subfield code="a">Linnet Ridgeway er på bryllupsreise i Egypt med mannen sin. Hun er rik, vakker og ubeskrivelig karismatisk og hun er i stand til å sjarmere hvem som helst; hennes nåværende ektemann var gift med hennes beste venn før hun stjal ham. Og Jacqueline har bestemt seg for at de to ikke skal få være i fred et sekund. Hun følger dem på reisen og dukker opp overalt for å gjøre dem ukomfortable, og når de bestemmer seg for å ta en båttur nedover Nilen blir hun med om bord. På båten er tilfeldigvis også mesterdetektiven Hercule Poirot, som får et nytt mordmysterium å bryne seg på når Linnet blir funnet død. Omtalen er utarbeidet av BS.</marc:subfield>
        </marc:datafield>
        <marc:datafield tag="533" ind1=" " ind2=" ">
            <marc:subfield code="a">Elektronisk reproduksjon</marc:subfield>
            <marc:subfield code="b">[Norge]</marc:subfield>
            <marc:subfield code="c">Nasjonalbiblioteket Digital</marc:subfield>
            <marc:subfield code="d">2022-01-21</marc:subfield>
        </marc:datafield>
        <marc:datafield tag="650" ind1=" " ind2="7">
            <marc:subfield code="a">Poirot, Hercule (fiktiv person)</marc:subfield>
            <marc:subfield code="2">bokbas</marc:subfield>
        </marc:datafield>
        <marc:datafield tag="650" ind1="2" ind2="7">
            <marc:subfield code="a">Poirot, Hercule (fiktiv person)</marc:subfield>
            <marc:subfield code="0">(NO-OsBA)1131432</marc:subfield>
            <marc:subfield code="2">bibbi</marc:subfield>
            <marc:subfield code="9">nor</marc:subfield>
        </marc:datafield>
        <marc:datafield tag="655" ind1=" " ind2="7">
            <marc:subfield code="a">Grafisk roman</marc:subfield>
            <marc:subfield code="0">(NO-OsBA)1166043</marc:subfield>
            <marc:subfield code="2">bibbi</marc:subfield>
            <marc:subfield code="9">nor</marc:subfield>
        </marc:datafield>
        <marc:datafield tag="655" ind1=" " ind2="7">
            <marc:subfield code="a">Grafiske romaner</marc:subfield>
            <marc:subfield code="2">bokbas</marc:subfield>
            <marc:subfield code="9">nno</marc:subfield>
        </marc:datafield>
        <marc:datafield tag="655" ind1=" " ind2="7">
            <marc:subfield code="a">Grafiske romaner</marc:subfield>
            <marc:subfield code="2">bokbas</marc:subfield>
            <marc:subfield code="9">nob</marc:subfield>
        </marc:datafield>
        <marc:datafield tag="655" ind1=" " ind2="7">
            <marc:subfield code="a">Julehefte</marc:subfield>
            <marc:subfield code="0">(NO-OsBA)1166222</marc:subfield>
            <marc:subfield code="2">bibbi</marc:subfield>
            <marc:subfield code="9">nor</marc:subfield>
        </marc:datafield>
        <marc:datafield tag="655" ind1=" " ind2="7">
            <marc:subfield code="a">Krim</marc:subfield>
            <marc:subfield code="2">bokbas</marc:subfield>
            <marc:subfield code="9">nno</marc:subfield>
        </marc:datafield>
        <marc:datafield tag="655" ind1=" " ind2="7">
            <marc:subfield code="a">Krim</marc:subfield>
            <marc:subfield code="2">bokbas</marc:subfield>
            <marc:subfield code="9">nob</marc:subfield>
        </marc:datafield>
        <marc:datafield tag="655" ind1=" " ind2="7">
            <marc:subfield code="a">Kriminal</marc:subfield>
            <marc:subfield code="0">(NO-OsBA)1165668</marc:subfield>
            <marc:subfield code="2">bibbi</marc:subfield>
            <marc:subfield code="9">nor</marc:subfield>
        </marc:datafield>
        <marc:datafield tag="655" ind1=" " ind2="7">
            <marc:subfield code="a">Politi og detektivar</marc:subfield>
            <marc:subfield code="2">bokbas</marc:subfield>
            <marc:subfield code="9">nno</marc:subfield>
        </marc:datafield>
        <marc:datafield tag="655" ind1=" " ind2="7">
            <marc:subfield code="a">Politi og detektiver</marc:subfield>
            <marc:subfield code="2">bokbas</marc:subfield>
            <marc:subfield code="9">nob</marc:subfield>
        </marc:datafield>
        <marc:datafield tag="655" ind1=" " ind2="7">
            <marc:subfield code="a">Tegneserier</marc:subfield>
            <marc:subfield code="0">(NO-OsBA)1166096</marc:subfield>
            <marc:subfield code="2">bibbi</marc:subfield>
            <marc:subfield code="9">nob</marc:subfield>
        </marc:datafield>
        <marc:datafield tag="655" ind1=" " ind2="7">
            <marc:subfield code="a">Tegneserier</marc:subfield>
            <marc:subfield code="2">bokbas</marc:subfield>
            <marc:subfield code="9">nob</marc:subfield>
        </marc:datafield>
        <marc:datafield tag="655" ind1=" " ind2="7">
            <marc:subfield code="a">Teikneseriar</marc:subfield>
            <marc:subfield code="0">(NO-OsBA)1166096</marc:subfield>
            <marc:subfield code="2">bibbi</marc:subfield>
            <marc:subfield code="9">nno</marc:subfield>
        </marc:datafield>
        <marc:datafield tag="655" ind1=" " ind2="7">
            <marc:subfield code="a">Teikneseriar</marc:subfield>
            <marc:subfield code="2">bokbas</marc:subfield>
            <marc:subfield code="9">nno</marc:subfield>
        </marc:datafield>
        <marc:datafield tag="700" ind1="0" ind2=" ">
            <marc:subfield code="a">Callixte</marc:subfield>
            <marc:subfield code="0">(NO-TrBIB)1606126540370</marc:subfield>
            <marc:subfield code="1">http://viaf.org/viaf/284507812</marc:subfield>
            <marc:subfield code="4">art</marc:subfield>
            <marc:subfield code="4">http://rdaregistry.info/Elements/w/object/P10058</marc:subfield>
        </marc:datafield>
        <marc:datafield tag="700" ind1="1" ind2=" ">
            <marc:subfield code="a">Alquier, Fabien</marc:subfield>
            <marc:subfield code="d">1950-</marc:subfield>
            <marc:subfield code="0">(NO-TrBIB)1602157054551</marc:subfield>
            <marc:subfield code="1">http://viaf.org/viaf/54153530980048702386</marc:subfield>
            <marc:subfield code="4">clr</marc:subfield>
            <marc:subfield code="4">http://rdaregistry.info/Elements/e/object/P20283</marc:subfield>
        </marc:datafield>
        <!--<marc:datafield tag="700" ind1="1" ind2=" ">
            <marc:subfield code="a">Bottier, Isabelle</marc:subfield>
            <marc:subfield code="d">1973-</marc:subfield>
            <marc:subfield code="t">Hercule Poirot : mort sur le Nil</marc:subfield>
            <marc:subfield code="l">Norsk</marc:subfield>
        </marc:datafield>-->
        <marc:datafield tag="700" ind1="1" ind2=" ">
            <marc:subfield code="a">Røsåsen, Jens E.</marc:subfield>
            <marc:subfield code="d">1959-</marc:subfield>
            <marc:subfield code="q">(Jens Erik)</marc:subfield>
            <marc:subfield code="0">(NO-TrBIB)5079524</marc:subfield>
            <marc:subfield code="4">trl</marc:subfield>
            <marc:subfield code="1">http://viaf.org/viaf/72145970376732252972</marc:subfield>
            <marc:subfield code="4">http://rdaregistry.info/Elements/e/object/P20037</marc:subfield>
        </marc:datafield>
        <marc:datafield tag="700" ind1="1" ind2=" ">
            <marc:subfield code="i">Adaptasjon av:</marc:subfield>
            <marc:subfield code="a">Christie, Agatha</marc:subfield>
            <marc:subfield code="d">1890-1976</marc:subfield>
            <marc:subfield code="t">Death on the Nile</marc:subfield>
            <marc:subfield code="l">Engelsk</marc:subfield>
            <marc:subfield code="1">http://viaf.org/viaf/309258229</marc:subfield>
            <marc:subfield code="4">http://rdaregistry.info/Elements/w/object/P10252</marc:subfield>
        </marc:datafield>
        <marc:datafield tag="700" ind1="1" ind2=" ">
            <marc:subfield code="i">Oversettelse av:</marc:subfield>
            <marc:subfield code="a">Bottier, Isabelle</marc:subfield>
            <marc:subfield code="d">1973-</marc:subfield>
            <marc:subfield code="t">Hercule Poirot : mort sur le Nil</marc:subfield>
            <marc:subfield code="l">Fransk</marc:subfield>
        </marc:datafield>
        <marc:datafield tag="830" ind1=" " ind2="0">
            <marc:subfield code="a">Agatha Christie</marc:subfield>
        </marc:datafield>
        <marc:datafield tag="856" ind1=" " ind2=" ">
            <marc:subfield code="a">aja.bs.no</marc:subfield>
            <marc:subfield code="n">Biblioteksentralen, Oslo</marc:subfield>
            <marc:subfield code="q">image/jpeg</marc:subfield>
            <marc:subfield code="u">https://aja.bs.no/d3d2f1c1-1f91-5855-b949-56c83eb536fe/cover/original.jpg</marc:subfield>
            <marc:subfield code="3">Omslagsbilde</marc:subfield>
        </marc:datafield>
        <marc:datafield tag="856" ind1=" " ind2=" ">
            <marc:subfield code="a">aja.bs.no</marc:subfield>
            <marc:subfield code="n">Biblioteksentralen, Oslo</marc:subfield>
            <marc:subfield code="q">image/jpeg</marc:subfield>
            <marc:subfield code="u">https://aja.bs.no/d3d2f1c1-1f91-5855-b949-56c83eb536fe/cover/thumbnail.jpg</marc:subfield>
            <marc:subfield code="3">Miniatyrbilde</marc:subfield>
        </marc:datafield>
        <marc:datafield tag="856" ind1="4" ind2="0">
            <marc:subfield code="3"/>
            <marc:subfield code="y">NB Digital</marc:subfield>
            <marc:subfield code="u">http://urn.nb.no/URN:NBN:no-nb_digibok_2021121448131</marc:subfield>
            <marc:subfield code="z"/>
        </marc:datafield>
        <marc:datafield tag="856" ind1="4" ind2="1">
            <marc:subfield code="3">Fulltekst</marc:subfield>
            <marc:subfield code="u">https://www.nb.no/search?q=oaiid:"oai:nb.bibsys.no:999920101272502202"&amp;mediatype=bøker</marc:subfield>
            <marc:subfield code="y">Nettbiblioteket</marc:subfield>
            <marc:subfield code="z">Søke-URL</marc:subfield>
        </marc:datafield>
        <marc:datafield tag="856" ind1="4" ind2="1">
            <marc:subfield code="a">media.boknett.no</marc:subfield>
            <marc:subfield code="3">Miniatyrbilde</marc:subfield>
            <marc:subfield code="u">https://media.boknett.no/objects/96/47/150354796/productimage_OS_f68f19a7f3441f45a237b6d001e38e4e0f5135e0.jpg</marc:subfield>
            <marc:subfield code="n">Bokbasen, Oslo</marc:subfield>
            <marc:subfield code="q">image/jpeg</marc:subfield>
        </marc:datafield>
        <marc:datafield tag="856" ind1="4" ind2="1">
            <marc:subfield code="a">media.boknett.no</marc:subfield>
            <marc:subfield code="3">Omslagsbilde</marc:subfield>
            <marc:subfield code="u">https://media.boknett.no/objects/96/47/150354796/productimage_ORG_48af15030206ae41a2c38679603cd4bab18441fa.jpg</marc:subfield>
            <marc:subfield code="n">Bokbasen, Oslo</marc:subfield>
            <marc:subfield code="q">image/jpeg</marc:subfield>
        </marc:datafield>
        <marc:datafield tag="856" ind1="4" ind2="2">
            <marc:subfield code="3">Originalt bilde</marc:subfield>
            <marc:subfield code="u">https://contents.bibs.aws.unit.no/files/images/original/0/4/9788242969040.jpg</marc:subfield>
            <marc:subfield code="q">image/jpeg</marc:subfield>
        </marc:datafield>
    </marc:record>