
    <marc:record>
        <marc:leader>00929 am a2200301ua 4500</marc:leader>
        <marc:controlfield tag="001">011931033</marc:controlfield>
        <marc:controlfield tag="005">20091217024000.0</marc:controlfield>
        <marc:controlfield tag="008">951127s1995    enkabe j|     000 ||eng  </marc:controlfield>
        <marc:datafield tag="015" ind1=" " ind2=" ">
            <marc:subfield code="a">GB9590941</marc:subfield>
            <marc:subfield code="2">bnb</marc:subfield>
        </marc:datafield>
        <marc:datafield tag="019" ind1="1" ind2=" ">
            <marc:subfield code="a">0140369619</marc:subfield>
        </marc:datafield>
        <marc:datafield tag="019" ind1="9" ind2=" ">
            <marc:subfield code="a">0140369619</marc:subfield>
        </marc:datafield>
        <marc:datafield tag="019" ind1="y" ind2=" ">
            <marc:subfield code="a">b9590941</marc:subfield>
        </marc:datafield>
        <marc:datafield tag="020" ind1=" " ind2=" ">
            <marc:subfield code="a">0140369619 (pbk) :</marc:subfield>
            <marc:subfield code="c">£3.99</marc:subfield>
        </marc:datafield>
        <marc:datafield tag="039" ind1="0" ind2=" ">
            <marc:subfield code="a">2368</marc:subfield>
        </marc:datafield>
        <marc:datafield tag="040" ind1=" " ind2=" ">
            <marc:subfield code="a">Uk</marc:subfield>
            <marc:subfield code="c">Uk</marc:subfield>
        </marc:datafield>
        <marc:datafield tag="082" ind1="0" ind2="4">
            <marc:subfield code="a">932</marc:subfield>
            <marc:subfield code="2">20</marc:subfield>
        </marc:datafield>
        <marc:datafield tag="100" ind1="1" ind2=" ">
            <marc:subfield code="a">Roland, Claudine.</marc:subfield>
        </marc:datafield>
        <marc:datafield tag="245" ind1="1" ind2="4">
            <marc:subfield code="a">The sarcophagus :</marc:subfield>
            <marc:subfield code="b">life and death on the Nile /</marc:subfield>
            <marc:subfield code="c">Claudine Roland ; translated by Patrick White ; Illustrated by Jean-Michel Payet.</marc:subfield>
        </marc:datafield>
        <marc:datafield tag="260" ind1=" " ind2=" ">
            <marc:subfield code="a">London :</marc:subfield>
            <marc:subfield code="b">Puffin,</marc:subfield>
            <marc:subfield code="c">1995.</marc:subfield>
        </marc:datafield>
        <marc:datafield tag="300" ind1=" " ind2=" ">
            <marc:subfield code="a">45 pages :</marc:subfield>
            <marc:subfield code="b">illustrations (some colour), maps, plan ;</marc:subfield>
            <marc:subfield code="c">21 cm</marc:subfield>
        </marc:datafield>
        <marc:datafield tag="336" ind1=" " ind2=" ">
            <marc:subfield code="a">text</marc:subfield>
            <marc:subfield code="2">rdacontent</marc:subfield>
        </marc:datafield>
        <marc:datafield tag="337" ind1=" " ind2=" ">
            <marc:subfield code="a">unmediated</marc:subfield>
            <marc:subfield code="2">rdamedia</marc:subfield>
        </marc:datafield>
        <marc:datafield tag="338" ind1=" " ind2=" ">
            <marc:subfield code="a">volume</marc:subfield>
            <marc:subfield code="2">rdacarrier</marc:subfield>
        </marc:datafield>
        <marc:datafield tag="490" ind1="1" ind2=" ">
            <marc:subfield code="a">History through objects</marc:subfield>
        </marc:datafield>
        <marc:datafield tag="653" ind1="1" ind2=" ">
            <marc:subfield code="a">Egypt</marc:subfield>
        </marc:datafield>
        <marc:datafield tag="653" ind1="1" ind2=" ">
            <marc:subfield code="a">Social conditions</marc:subfield>
            <marc:subfield code="a">History, to 640</marc:subfield>
        </marc:datafield>
        <marc:datafield tag="700" ind1="1" ind2=" ">
            <marc:subfield code="a">Payet, Jean-Michel.</marc:subfield>
        </marc:datafield>
        <marc:datafield tag="830" ind1=" " ind2="0">
            <marc:subfield code="a">History through objects</marc:subfield>
        </marc:datafield>
    </marc:record>