
    <marc:record>
        <marc:leader>00966 am a22003371a 4500</marc:leader>
        <marc:controlfield tag="001">006960764</marc:controlfield>
        <marc:controlfield tag="003">Uk</marc:controlfield>
        <marc:controlfield tag="005">20160118095825.0</marc:controlfield>
        <marc:controlfield tag="008">031013r20041937enk    ||     000 1|eng  </marc:controlfield>
        <marc:datafield tag="015" ind1=" " ind2=" ">
            <marc:subfield code="a">GBA3T4503</marc:subfield>
            <marc:subfield code="2">bnb</marc:subfield>
        </marc:datafield>
        <marc:datafield tag="016" ind1="7" ind2=" ">
            <marc:subfield code="a">006960764</marc:subfield>
            <marc:subfield code="2">Uk</marc:subfield>
        </marc:datafield>
        <marc:datafield tag="019" ind1="9" ind2=" ">
            <marc:subfield code="a">000718123x</marc:subfield>
        </marc:datafield>
        <marc:datafield tag="019" ind1="y" ind2=" ">
            <marc:subfield code="a">bA3T4503</marc:subfield>
        </marc:datafield>
        <marc:datafield tag="020" ind1=" " ind2=" ">
            <marc:subfield code="a">000718123X (pbk) :</marc:subfield>
            <marc:subfield code="c">£6.99</marc:subfield>
        </marc:datafield>
        <marc:datafield tag="039" ind1="0" ind2=" ">
            <marc:subfield code="a">2770</marc:subfield>
        </marc:datafield>
        <marc:datafield tag="040" ind1=" " ind2=" ">
            <marc:subfield code="a">StDuBDS</marc:subfield>
            <marc:subfield code="d">Uk</marc:subfield>
        </marc:datafield>
        <marc:datafield tag="042" ind1=" " ind2=" ">
            <marc:subfield code="a">ukblsr</marc:subfield>
        </marc:datafield>
        <marc:datafield tag="082" ind1="0" ind2="4">
            <marc:subfield code="a">823.912</marc:subfield>
            <marc:subfield code="2">21</marc:subfield>
        </marc:datafield>
        <marc:datafield tag="100" ind1="1" ind2=" ">
            <marc:subfield code="a">Christie, Agatha,</marc:subfield>
            <marc:subfield code="d">1890-1976.</marc:subfield>
        </marc:datafield>
        <marc:datafield tag="245" ind1="1" ind2="0">
            <marc:subfield code="a">Death on the Nile /</marc:subfield>
            <marc:subfield code="c">Agatha Christie.</marc:subfield>
        </marc:datafield>
        <marc:datafield tag="260" ind1=" " ind2=" ">
            <marc:subfield code="a">London :</marc:subfield>
            <marc:subfield code="b">HarperCollins,</marc:subfield>
            <marc:subfield code="c">2004.</marc:subfield>
        </marc:datafield>
        <marc:datafield tag="300" ind1=" " ind2=" ">
            <marc:subfield code="a">256 pages ;</marc:subfield>
            <marc:subfield code="c">18 cm</marc:subfield>
        </marc:datafield>
        <marc:datafield tag="336" ind1=" " ind2=" ">
            <marc:subfield code="a">text</marc:subfield>
            <marc:subfield code="2">rdacontent</marc:subfield>
        </marc:datafield>
        <marc:datafield tag="337" ind1=" " ind2=" ">
            <marc:subfield code="a">unmediated</marc:subfield>
            <marc:subfield code="2">rdamedia</marc:subfield>
        </marc:datafield>
        <marc:datafield tag="338" ind1=" " ind2=" ">
            <marc:subfield code="a">volume</marc:subfield>
            <marc:subfield code="2">rdacarrier</marc:subfield>
        </marc:datafield>
        <marc:datafield tag="500" ind1=" " ind2=" ">
            <marc:subfield code="a">Film tie-in.</marc:subfield>
        </marc:datafield>
        <marc:datafield tag="500" ind1=" " ind2=" ">
            <marc:subfield code="a">Formerly CIP.</marc:subfield>
            <marc:subfield code="5">Uk</marc:subfield>
        </marc:datafield>
        <marc:datafield tag="500" ind1=" " ind2=" ">
            <marc:subfield code="a">Originally published: London: Collins, 1937.</marc:subfield>
        </marc:datafield>
        <marc:datafield tag="600" ind1="1" ind2="0">
            <marc:subfield code="a">Poirot, Hercule</marc:subfield>
            <marc:subfield code="c">(Fictitious character)</marc:subfield>
            <marc:subfield code="v">Fiction.</marc:subfield>
        </marc:datafield>
        <marc:datafield tag="651" ind1=" " ind2="0">
            <marc:subfield code="a">Nile River</marc:subfield>
            <marc:subfield code="v">Fiction.</marc:subfield>
        </marc:datafield>
        <marc:datafield tag="655" ind1="0" ind2="7">
            <marc:subfield code="a">Detective and mystery stories.</marc:subfield>
            <marc:subfield code="2">lcsh</marc:subfield>
        </marc:datafield>
    </marc:record>