
    <marc:record>
        <marc:leader>03666ngm a2200745 c 4500</marc:leader>
        <marc:controlfield tag="001">a6296536</marc:controlfield>
        <marc:controlfield tag="003">SpMaBN</marc:controlfield>
        <marc:controlfield tag="005">20210702085312.6</marc:controlfield>
        <marc:controlfield tag="007">vd*cvaizm</marc:controlfield>
        <marc:controlfield tag="008">180817s2018    sp 135 g      q   vlspa  </marc:controlfield>
        <marc:datafield tag="015" ind1=" " ind2=" ">
            <marc:subfield code="a">VD18</marc:subfield>
        </marc:datafield>
        <marc:datafield tag="017" ind1=" " ind2=" ">
            <marc:subfield code="a">VA 119-2018</marc:subfield>
            <marc:subfield code="b">Oficina Depósito Legal Valladolid</marc:subfield>
        </marc:datafield>
        <marc:datafield tag="024" ind1="3" ind2=" ">
            <marc:subfield code="a">8421394550865</marc:subfield>
        </marc:datafield>
        <marc:datafield tag="040" ind1=" " ind2=" ">
            <marc:subfield code="a">SpMaBN</marc:subfield>
        </marc:datafield>
        <marc:datafield tag="041" ind1="1" ind2=" ">
            <marc:subfield code="a">spa</marc:subfield>
            <marc:subfield code="a">eng</marc:subfield>
            <marc:subfield code="h">eng</marc:subfield>
            <marc:subfield code="j">spa</marc:subfield>
        </marc:datafield>
        <marc:datafield tag="084" ind1=" " ind2=" ">
            <marc:subfield code="a">1</marc:subfield>
            <marc:subfield code="2">VD</marc:subfield>
        </marc:datafield>
        <marc:datafield tag="130" ind1="0" ind2=" ">
            <marc:subfield code="a">Death on the Nile (Película cinematográfica)</marc:subfield>
            <marc:subfield code="l">Políglota</marc:subfield>
        </marc:datafield>
        <marc:datafield tag="245" ind1="1" ind2="0">
            <marc:subfield code="a">Muerte en el Nilo =</marc:subfield>
            <marc:subfield code="b">Death on the Nile</marc:subfield>
            <marc:subfield code="c">dirigida por John Guillermin ; producida por John Brabourne y Richard Goodwin ; guion de Anthony Shaffer ; música de Nino Rota</marc:subfield>
        </marc:datafield>
        <marc:datafield tag="260" ind1=" " ind2=" ">
            <marc:subfield code="a">Valladolid</marc:subfield>
            <marc:subfield code="b">StudioCanal</marc:subfield>
            <marc:subfield code="b">Divisa Home Vídeo</marc:subfield>
            <marc:subfield code="c">D.L. 2018</marc:subfield>
        </marc:datafield>
        <marc:datafield tag="300" ind1=" " ind2=" ">
            <marc:subfield code="a">1 DVD-Vídeo (ca. 135 min)</marc:subfield>
            <marc:subfield code="b">son., col.</marc:subfield>
        </marc:datafield>
        <marc:datafield tag="336" ind1=" " ind2=" ">
            <marc:subfield code="a">Imagen (en movimiento ; bidimensional)</marc:subfield>
        </marc:datafield>
        <marc:datafield tag="337" ind1=" " ind2=" ">
            <marc:subfield code="a">vídeo</marc:subfield>
        </marc:datafield>
        <marc:datafield tag="490" ind1="0" ind2=" ">
            <marc:subfield code="a">Agatha Christie</marc:subfield>
        </marc:datafield>
        <marc:datafield tag="500" ind1=" " ind2=" ">
            <marc:subfield code="a">Basada en la novela homónima de Agatha Christie</marc:subfield>
        </marc:datafield>
        <marc:datafield tag="500" ind1=" " ind2=" ">
            <marc:subfield code="a">Incluye tráiler y galería</marc:subfield>
        </marc:datafield>
        <marc:datafield tag="500" ind1=" " ind2=" ">
            <marc:subfield code="a">Nueva restauración en 2K</marc:subfield>
        </marc:datafield>
        <marc:datafield tag="511" ind1="1" ind2=" ">
            <marc:subfield code="a">Peter Ustinov, Jane Birkin, Lois Chiles, Bette Davis, Mia Farrow, Jon Finch, Olivia Hussey, I.S. Johar, George Kennedy, Angela Lansbury, Simon MacCorkindale, David Niven, Maggie Smith, Jack Warden</marc:subfield>
        </marc:datafield>
        <marc:datafield tag="518" ind1=" " ind2=" ">
            <marc:subfield code="a">Largometraje producido en Reino Unido en 1978</marc:subfield>
        </marc:datafield>
        <marc:datafield tag="520" ind1="3" ind2=" ">
            <marc:subfield code="a">A bordo del Karnak, un lujoso barco fluvial que navega por el Nilo, se encuentran diez personajes que se verán envueltos en el misterioso asesinato de una rica heredera americana. Cualquiera de los pasajeros tiene ocultas razones para haber cometido el crimen. El detective Hércules Poirot, que también viaja en el barco, se hará cargo de la investigación para desentrañar el enigmático asesinato</marc:subfield>
        </marc:datafield>
        <marc:datafield tag="521" ind1="1" ind2=" ">
            <marc:subfield code="a">No recomendada para menores de 12 años</marc:subfield>
        </marc:datafield>
        <marc:datafield tag="530" ind1=" " ind2=" ">
            <marc:subfield code="a">Disponible también en Blu-ray</marc:subfield>
        </marc:datafield>
        <marc:datafield tag="538" ind1=" " ind2=" ">
            <marc:subfield code="a">Formato de doble capa de lectura</marc:subfield>
        </marc:datafield>
        <marc:datafield tag="538" ind1=" " ind2=" ">
            <marc:subfield code="a">Formato de pantalla 16:9</marc:subfield>
        </marc:datafield>
        <marc:datafield tag="538" ind1=" " ind2=" ">
            <marc:subfield code="a">Formato de película 1.85:1</marc:subfield>
        </marc:datafield>
        <marc:datafield tag="538" ind1=" " ind2=" ">
            <marc:subfield code="a">Formato de sonido Dolby Digital 2.0 mono</marc:subfield>
        </marc:datafield>
        <marc:datafield tag="538" ind1=" " ind2=" ">
            <marc:subfield code="a">Sistema de grabación del color PAL</marc:subfield>
        </marc:datafield>
        <marc:datafield tag="546" ind1=" " ind2=" ">
            <marc:subfield code="a">Versiones en español e inglés, con subtítulos opcionales en español</marc:subfield>
        </marc:datafield>
        <marc:datafield tag="586" ind1=" " ind2=" ">
            <marc:subfield code="a">Oscar al Mejor vestuario (1978), BAFTA al Mejor diseño de vestuario (1978)</marc:subfield>
        </marc:datafield>
        <marc:datafield tag="655" ind1=" " ind2="7">
            <marc:subfield code="a">Cine de suspense</marc:subfield>
            <marc:subfield code="2">tgfbne</marc:subfield>
        </marc:datafield>
        <marc:datafield tag="700" ind1="1" ind2=" ">
            <marc:subfield code="a">Birkin, Jane</marc:subfield>
            <marc:subfield code="d">1946-</marc:subfield>
            <marc:subfield code="e">actor</marc:subfield>
            <marc:subfield code="4">act</marc:subfield>
        </marc:datafield>
        <marc:datafield tag="700" ind1="1" ind2=" ">
            <marc:subfield code="a">Brabourne, John</marc:subfield>
            <marc:subfield code="d">1924-2005</marc:subfield>
            <marc:subfield code="e">productor</marc:subfield>
            <marc:subfield code="4">pro</marc:subfield>
        </marc:datafield>
        <marc:datafield tag="700" ind1="1" ind2=" ">
            <marc:subfield code="a">Chiles, Lois</marc:subfield>
            <marc:subfield code="d">1947-</marc:subfield>
            <marc:subfield code="e">actor</marc:subfield>
            <marc:subfield code="4">act</marc:subfield>
        </marc:datafield>
        <marc:datafield tag="700" ind1="1" ind2=" ">
            <marc:subfield code="a">Christie, Agatha</marc:subfield>
            <marc:subfield code="d">1890-1976</marc:subfield>
            <marc:subfield code="t">Death on the Nile</marc:subfield>
            <marc:subfield code="e">idea original</marc:subfield>
            <marc:subfield code="4">ccp</marc:subfield>
        </marc:datafield>
        <marc:datafield tag="700" ind1="1" ind2=" ">
            <marc:subfield code="a">Davis, Bette</marc:subfield>
            <marc:subfield code="d">1908-1989</marc:subfield>
            <marc:subfield code="e">actor</marc:subfield>
            <marc:subfield code="4">act</marc:subfield>
        </marc:datafield>
        <marc:datafield tag="700" ind1="1" ind2=" ">
            <marc:subfield code="a">Farrow, Mia</marc:subfield>
            <marc:subfield code="d">1945-</marc:subfield>
            <marc:subfield code="e">actor</marc:subfield>
            <marc:subfield code="4">act</marc:subfield>
        </marc:datafield>
        <marc:datafield tag="700" ind1="1" ind2=" ">
            <marc:subfield code="a">Finch, Jon</marc:subfield>
            <marc:subfield code="d">1942-2012</marc:subfield>
            <marc:subfield code="e">actor</marc:subfield>
            <marc:subfield code="4">act</marc:subfield>
        </marc:datafield>
        <marc:datafield tag="700" ind1="1" ind2=" ">
            <marc:subfield code="a">Goodwin, Richard B.</marc:subfield>
            <marc:subfield code="d">1934-</marc:subfield>
            <marc:subfield code="e">productor</marc:subfield>
            <marc:subfield code="4">pro</marc:subfield>
        </marc:datafield>
        <marc:datafield tag="700" ind1="1" ind2=" ">
            <marc:subfield code="a">Guillermin, John</marc:subfield>
            <marc:subfield code="d">1925-2015</marc:subfield>
            <marc:subfield code="e">director de cine</marc:subfield>
            <marc:subfield code="4">fmd</marc:subfield>
        </marc:datafield>
        <marc:datafield tag="700" ind1="1" ind2=" ">
            <marc:subfield code="a">Hussey, Olivia</marc:subfield>
            <marc:subfield code="d">1951-</marc:subfield>
            <marc:subfield code="e">actor</marc:subfield>
            <marc:subfield code="4">act</marc:subfield>
        </marc:datafield>
        <marc:datafield tag="700" ind1="1" ind2=" ">
            <marc:subfield code="a">Johar, I. S.</marc:subfield>
            <marc:subfield code="d">1920-1984</marc:subfield>
            <marc:subfield code="e">actor</marc:subfield>
            <marc:subfield code="4">act</marc:subfield>
        </marc:datafield>
        <marc:datafield tag="700" ind1="1" ind2=" ">
            <marc:subfield code="a">Kennedy, George</marc:subfield>
            <marc:subfield code="d">1925-2016</marc:subfield>
            <marc:subfield code="e">actor</marc:subfield>
            <marc:subfield code="4">act</marc:subfield>
        </marc:datafield>
        <marc:datafield tag="700" ind1="1" ind2=" ">
            <marc:subfield code="a">Lansbury, Angela</marc:subfield>
            <marc:subfield code="d">1925-</marc:subfield>
            <marc:subfield code="e">actor</marc:subfield>
            <marc:subfield code="4">act</marc:subfield>
        </marc:datafield>
        <marc:datafield tag="700" ind1="1" ind2=" ">
            <marc:subfield code="a">MacCorkindale, Simon</marc:subfield>
            <marc:subfield code="d">1952-2010</marc:subfield>
            <marc:subfield code="e">actor</marc:subfield>
            <marc:subfield code="4">act</marc:subfield>
        </marc:datafield>
        <marc:datafield tag="700" ind1="1" ind2=" ">
            <marc:subfield code="a">Niven, David</marc:subfield>
            <marc:subfield code="d">1910-1983</marc:subfield>
            <marc:subfield code="e">actor</marc:subfield>
            <marc:subfield code="4">act</marc:subfield>
        </marc:datafield>
        <marc:datafield tag="700" ind1="1" ind2=" ">
            <marc:subfield code="a">Rota, Nino</marc:subfield>
            <marc:subfield code="d">1911-1979</marc:subfield>
            <marc:subfield code="e">compositor</marc:subfield>
            <marc:subfield code="4">cmp</marc:subfield>
        </marc:datafield>
        <marc:datafield tag="700" ind1="1" ind2=" ">
            <marc:subfield code="a">Shaffer, Anthony</marc:subfield>
            <marc:subfield code="d">1926-2001</marc:subfield>
            <marc:subfield code="e">guionista</marc:subfield>
            <marc:subfield code="4">aus</marc:subfield>
        </marc:datafield>
        <marc:datafield tag="700" ind1="1" ind2=" ">
            <marc:subfield code="a">Smith, Maggie</marc:subfield>
            <marc:subfield code="d">1934-</marc:subfield>
            <marc:subfield code="e">actor</marc:subfield>
            <marc:subfield code="4">act</marc:subfield>
        </marc:datafield>
        <marc:datafield tag="700" ind1="1" ind2=" ">
            <marc:subfield code="a">Ustinov, Peter</marc:subfield>
            <marc:subfield code="d">1921-2004</marc:subfield>
            <marc:subfield code="e">actor</marc:subfield>
            <marc:subfield code="4">act</marc:subfield>
        </marc:datafield>
        <marc:datafield tag="700" ind1="1" ind2=" ">
            <marc:subfield code="a">Warden, Jack</marc:subfield>
            <marc:subfield code="d">1920-2006</marc:subfield>
            <marc:subfield code="e">actor</marc:subfield>
            <marc:subfield code="4">act</marc:subfield>
        </marc:datafield>
        <marc:datafield tag="711" ind1="2" ind2=" ">
            <marc:subfield code="a">Academy Awards</marc:subfield>
            <marc:subfield code="n">51º</marc:subfield>
            <marc:subfield code="d">1978</marc:subfield>
            <marc:subfield code="c">Los Ángeles, California</marc:subfield>
        </marc:datafield>
        <marc:datafield tag="711" ind1="2" ind2=" ">
            <marc:subfield code="a">BAFTA Awards</marc:subfield>
            <marc:subfield code="d">1978</marc:subfield>
            <marc:subfield code="c">Gran Bretaña</marc:subfield>
        </marc:datafield>
        <marc:datafield tag="776" ind1="0" ind2=" ">
            <marc:subfield code="t">Muerte en el Nilo</marc:subfield>
            <marc:subfield code="h">1 Blu-ray</marc:subfield>
            <marc:subfield code="w">a6301508</marc:subfield>
        </marc:datafield>
    </marc:record>