
    <marc:record>
        <marc:leader>01389nam a2200349   4500</marc:leader>
        <marc:controlfield tag="001">bimo0000630096</marc:controlfield>
        <marc:controlfield tag="003">SpMaBN</marc:controlfield>
        <marc:controlfield tag="005">20200515013648.6</marc:controlfield>
        <marc:controlfield tag="008">970512s1996    sp |          ||| ||spa  </marc:controlfield>
        <marc:datafield tag="016" ind1="7" ind2=" ">
            <marc:subfield code="a">bimoBNE19971095094</marc:subfield>
            <marc:subfield code="2">SpMaBN</marc:subfield>
        </marc:datafield>
        <marc:datafield tag="017" ind1=" " ind2=" ">
            <marc:subfield code="a">B 25427-1996</marc:subfield>
            <marc:subfield code="b">Oficina Depósito Legal Barcelona</marc:subfield>
        </marc:datafield>
        <marc:datafield tag="020" ind1=" " ind2=" ">
            <marc:subfield code="a">84-272-8528-0</marc:subfield>
        </marc:datafield>
        <marc:datafield tag="040" ind1=" " ind2=" ">
            <marc:subfield code="a">SpMaBN</marc:subfield>
            <marc:subfield code="b">spa</marc:subfield>
            <marc:subfield code="c">SpMaBN</marc:subfield>
            <marc:subfield code="e">rdc</marc:subfield>
        </marc:datafield>
        <marc:datafield tag="041" ind1="1" ind2=" ">
            <marc:subfield code="a">spa</marc:subfield>
            <marc:subfield code="h">eng</marc:subfield>
        </marc:datafield>
        <marc:datafield tag="080" ind1=" " ind2=" ">
            <marc:subfield code="a">821.111-31"19"</marc:subfield>
        </marc:datafield>
        <marc:datafield tag="100" ind1="1" ind2=" ">
            <marc:subfield code="a">Christie, Agatha</marc:subfield>
            <marc:subfield code="d">1890-1976</marc:subfield>
            <marc:subfield code="0">XX1056186</marc:subfield>
        </marc:datafield>
        <marc:datafield tag="240" ind1="1" ind2="0">
            <marc:subfield code="a">Death on the Nile</marc:subfield>
        </marc:datafield>
        <marc:datafield tag="245" ind1="1" ind2="0">
            <marc:subfield code="a">Poirot en Egipto :</marc:subfield>
            <marc:subfield code="b">(muerte en el Nilo)</marc:subfield>
            <marc:subfield code="c">Agatha Christie ; [traducción, H.C. Granch]</marc:subfield>
        </marc:datafield>
        <marc:datafield tag="260" ind1=" " ind2=" ">
            <marc:subfield code="a">Barcelona</marc:subfield>
            <marc:subfield code="b">Molino</marc:subfield>
            <marc:subfield code="c">[1996]</marc:subfield>
        </marc:datafield>
        <marc:datafield tag="300" ind1=" " ind2=" ">
            <marc:subfield code="a">285 pages</marc:subfield>
            <marc:subfield code="c">17 cm</marc:subfield>
        </marc:datafield>
        <marc:datafield tag="490" ind1="1" ind2=" ">
            <marc:subfield code="a">Colección Agatha Christie</marc:subfield>
            <marc:subfield code="v">28</marc:subfield>
        </marc:datafield>
        <marc:datafield tag="594" ind1=" " ind2=" ">
            <marc:subfield code="a">Traducción de: Death on the Nile</marc:subfield>
        </marc:datafield>
        <marc:datafield tag="800" ind1="1" ind2=" ">
            <marc:subfield code="a">Christie, Agatha</marc:subfield>
            <marc:subfield code="d">1890-1976</marc:subfield>
            <marc:subfield code="t">Colección Agatha Christie</marc:subfield>
            <marc:subfield code="v">28</marc:subfield>
        </marc:datafield>
    </marc:record>