
    <marc:record>
        <marc:leader>02281ngm a22005051i 4500</marc:leader>
        <marc:controlfield tag="001">bivi0000080607</marc:controlfield>
        <marc:controlfield tag="003">SpMaBN</marc:controlfield>
        <marc:controlfield tag="005">20151010004252.7</marc:controlfield>
        <marc:controlfield tag="007">vf cbahos</marc:controlfield>
        <marc:controlfield tag="008">901001s1984    sp     g       0 11 spa  </marc:controlfield>
        <marc:datafield tag="015" ind1=" " ind2=" ">
            <marc:subfield code="a">VD84</marc:subfield>
        </marc:datafield>
        <marc:datafield tag="016" ind1="7" ind2=" ">
            <marc:subfield code="a">biviBNE19960017907</marc:subfield>
            <marc:subfield code="z">BN506058</marc:subfield>
            <marc:subfield code="2">SpMaBN</marc:subfield>
        </marc:datafield>
        <marc:datafield tag="017" ind1=" " ind2=" ">
            <marc:subfield code="a">M 38458-1984</marc:subfield>
            <marc:subfield code="b">Oficina Depósito Legal Madrid</marc:subfield>
        </marc:datafield>
        <marc:datafield tag="028" ind1="4" ind2="0">
            <marc:subfield code="a">TVB 90 1861 2</marc:subfield>
            <marc:subfield code="b">Thorn Emi Video</marc:subfield>
        </marc:datafield>
        <marc:datafield tag="040" ind1=" " ind2=" ">
            <marc:subfield code="a">SpMaBN</marc:subfield>
            <marc:subfield code="b">spa</marc:subfield>
            <marc:subfield code="c">A2</marc:subfield>
            <marc:subfield code="d">SpMaBN</marc:subfield>
            <marc:subfield code="e">rdc</marc:subfield>
        </marc:datafield>
        <marc:datafield tag="041" ind1="1" ind2=" ">
            <marc:subfield code="a">spa</marc:subfield>
            <marc:subfield code="d">eng</marc:subfield>
        </marc:datafield>
        <marc:datafield tag="130" ind1="0" ind2=" ">
            <marc:subfield code="a">Death on the Nile (J. Guillermin)</marc:subfield>
            <marc:subfield code="l">Español</marc:subfield>
        </marc:datafield>
        <marc:datafield tag="245" ind1="1" ind2="0">
            <marc:subfield code="a">Muerte en el Nilo</marc:subfield>
            <marc:subfield code="h">[Videograbación]</marc:subfield>
            <marc:subfield code="c">directed by John Guillermin ; screenplay by Anthony Shaffer ; director of photography, Jack Cardiff ; music by Nino Rota ; produced by John Brabourne, Richard Goodwin</marc:subfield>
        </marc:datafield>
        <marc:datafield tag="260" ind1=" " ind2=" ">
            <marc:subfield code="a">Madrid</marc:subfield>
            <marc:subfield code="b">Thorn Emi Video</marc:subfield>
            <marc:subfield code="b">Vídeo Britannia Producción</marc:subfield>
            <marc:subfield code="c">D.L. 1984</marc:subfield>
        </marc:datafield>
        <marc:datafield tag="300" ind1=" " ind2=" ">
            <marc:subfield code="a">1 videocasete (VHS) (135 min)</marc:subfield>
            <marc:subfield code="b">son., col.</marc:subfield>
        </marc:datafield>
        <marc:datafield tag="500" ind1=" " ind2=" ">
            <marc:subfield code="a">Basada en una novela homónima de Agatha Christie</marc:subfield>
        </marc:datafield>
        <marc:datafield tag="500" ind1=" " ind2=" ">
            <marc:subfield code="a">Cine europeo Reino Unido</marc:subfield>
        </marc:datafield>
        <marc:datafield tag="500" ind1=" " ind2=" ">
            <marc:subfield code="a">Ganadora de un Oscar al Mejor Vestuario en 1979</marc:subfield>
        </marc:datafield>
        <marc:datafield tag="500" ind1=" " ind2=" ">
            <marc:subfield code="a">Película de misterio realizada en 1978</marc:subfield>
        </marc:datafield>
        <marc:datafield tag="511" ind1="1" ind2=" ">
            <marc:subfield code="a">Peter Ustinov, Jane Birkin, Lois Chiles</marc:subfield>
        </marc:datafield>
        <marc:datafield tag="520" ind1="3" ind2=" ">
            <marc:subfield code="a">En un crucero por el Nilo es asesinada una joven recién casada. Muchas de las personas que allí viajan tenían una buena razón para matarla. Poirot, también pasajero del S.S. Karnak, inicia la investigación, pero todo se complica cuando cada uno de los sospechosos van siendo asesinados</marc:subfield>
        </marc:datafield>
        <marc:datafield tag="521" ind1=" " ind2=" ">
            <marc:subfield code="a">No recomendada a menores de 13 años</marc:subfield>
        </marc:datafield>
        <marc:datafield tag="546" ind1=" " ind2=" ">
            <marc:subfield code="a">Doblada en español</marc:subfield>
        </marc:datafield>
        <marc:datafield tag="700" ind1="1" ind2=" ">
            <marc:subfield code="a">Birkin, Jane</marc:subfield>
            <marc:subfield code="d">1946-</marc:subfield>
        </marc:datafield>
        <marc:datafield tag="700" ind1="1" ind2=" ">
            <marc:subfield code="a">Brabourne, John</marc:subfield>
            <marc:subfield code="d">1924-2005</marc:subfield>
        </marc:datafield>
        <marc:datafield tag="700" ind1="1" ind2=" ">
            <marc:subfield code="a">Cardiff, Jack</marc:subfield>
            <marc:subfield code="d">1914-2009</marc:subfield>
        </marc:datafield>
        <marc:datafield tag="700" ind1="1" ind2=" ">
            <marc:subfield code="a">Chiles, Lois</marc:subfield>
            <marc:subfield code="d">1947-</marc:subfield>
        </marc:datafield>
        <marc:datafield tag="700" ind1="1" ind2=" ">
            <marc:subfield code="a">Goodwin, Richard B.</marc:subfield>
            <marc:subfield code="d">1934-</marc:subfield>
        </marc:datafield>
        <marc:datafield tag="700" ind1="1" ind2=" ">
            <marc:subfield code="a">Guillermin, John</marc:subfield>
            <marc:subfield code="d">1925-2015</marc:subfield>
        </marc:datafield>
        <marc:datafield tag="700" ind1="1" ind2=" ">
            <marc:subfield code="a">Rota, Nino</marc:subfield>
            <marc:subfield code="d">1911-1979</marc:subfield>
        </marc:datafield>
        <marc:datafield tag="700" ind1="1" ind2=" ">
            <marc:subfield code="a">Shaffer, Anthony</marc:subfield>
            <marc:subfield code="d">1926-2001</marc:subfield>
        </marc:datafield>
        <marc:datafield tag="700" ind1="1" ind2=" ">
            <marc:subfield code="a">Ustinov, Peter</marc:subfield>
            <marc:subfield code="d">1921-2004</marc:subfield>
        </marc:datafield>
        <marc:datafield tag="700" ind1="1" ind2="2">
            <marc:subfield code="a">Christie, Agatha</marc:subfield>
            <marc:subfield code="d">1890-1976</marc:subfield>
            <marc:subfield code="t">Death on the Nile</marc:subfield>
        </marc:datafield>
        <marc:datafield tag="711" ind1="2" ind2=" ">
            <marc:subfield code="a">Academy Awards</marc:subfield>
            <marc:subfield code="n">52º</marc:subfield>
            <marc:subfield code="d">1979</marc:subfield>
            <marc:subfield code="c">Los Ángeles, California</marc:subfield>
        </marc:datafield>
    </marc:record>