
    <record xmlns="http://www.loc.gov/MARC21/slim">
        <leader>00775cgm a2200217 c 4500</leader>
        <controlfield tag="001">990501488264702201</controlfield>
        <controlfield tag="005">20170126152030.0</controlfield>
        <controlfield tag="007">vd |v||||</controlfield>
        <controlfield tag="008">150216s2004    xx#|||||||||||####v|eng|d</controlfield>
        <datafield ind1=" " ind2=" " tag="035">
            <subfield code="a">050148826-47bibsys_network</subfield>
        </datafield>
        <datafield ind1=" " ind2=" " tag="035">
            <subfield code="a">(NO-TrBIB)050148826</subfield>
        </datafield>
        <datafield ind1=" " ind2=" " tag="040">
            <subfield code="a">NO-TrBIB</subfield>
            <subfield code="b">nob</subfield>
            <subfield code="e">katreg</subfield>
        </datafield>
        <datafield ind1="0" ind2="0" tag="245">
            <subfield code="a">The Agatha Christie collection</subfield>
            <subfield code="c">directed by John Giullermin</subfield>
            <subfield code="h">[videoopptak]</subfield>
            <subfield code="n">4</subfield>
            <subfield code="p">Døden på Nilen</subfield>
        </datafield>
        <datafield ind1=" " ind2=" " tag="260">
            <subfield code="a">[Oslo]</subfield>
            <subfield code="b">Star media</subfield>
            <subfield code="c">2004</subfield>
        </datafield>
        <datafield ind1=" " ind2=" " tag="300">
            <subfield code="a">1 plate (DVD)</subfield>
            <subfield code="b">digital</subfield>
            <subfield code="c">12 cm</subfield>
        </datafield>
        <datafield ind1=" " ind2=" " tag="500">
            <subfield code="a">Produsert i 1978</subfield>
        </datafield>
        <datafield ind1=" " ind2=" " tag="500">
            <subfield code="a">Undertekster : norsk, dansk, svensk, finsk</subfield>
        </datafield>
        <datafield ind1=" " ind2=" " tag="500">
            <subfield code="a">Reg. SF: 13417</subfield>
        </datafield>
        <datafield ind1=" " ind2=" " tag="500">
            <subfield code="a">Orig. tit.: Death on the Nile</subfield>
        </datafield>
        <datafield ind1="0" ind2="8" tag="773">
            <subfield code="i">Inkludert i</subfield>
            <subfield code="t">The Agatha Christie collection</subfield>
            <subfield code="d">[Oslo] : Star Media, 2004</subfield>
            <subfield code="g">4</subfield>
            <subfield code="w">990424921304702201</subfield>
        </datafield>
        <datafield ind1="0" ind2="1" tag="852">
            <subfield code="a">47BIBSYS_NB</subfield>
            <subfield code="6">999919964681902202</subfield>
            <subfield code="9">P</subfield>
        </datafield>
        <datafield ind1=" " ind2=" " tag="901">
            <subfield code="a">80</subfield>
        </datafield>
    </record>