
    <marc:record>
        <marc:leader>03136cgm a2200721Ma 4500</marc:leader>
        <marc:controlfield tag="001">ocn301886873</marc:controlfield>
        <marc:controlfield tag="003">OCoLC</marc:controlfield>
        <marc:controlfield tag="005">20201005093300.0</marc:controlfield>
        <marc:controlfield tag="007">vd cvaizs </marc:controlfield>
        <marc:controlfield tag="008">010510p20091978cau140 g          vleng d</marc:controlfield>
        <marc:datafield tag="024" ind1="1" ind2=" ">
            <marc:subfield code="a">031398104827</marc:subfield>
        </marc:datafield>
        <marc:datafield tag="028" ind1="4" ind2="2">
            <marc:subfield code="a">24785</marc:subfield>
            <marc:subfield code="b">Lionsgate</marc:subfield>
        </marc:datafield>
        <marc:datafield tag="035" ind1=" " ind2=" ">
            <marc:subfield code="a">(OCoLC)301886873</marc:subfield>
        </marc:datafield>
        <marc:datafield tag="040" ind1=" " ind2=" ">
            <marc:subfield code="a">HLS</marc:subfield>
            <marc:subfield code="b">eng</marc:subfield>
            <marc:subfield code="c">HLS</marc:subfield>
            <marc:subfield code="d">RCS</marc:subfield>
            <marc:subfield code="d">TEF</marc:subfield>
            <marc:subfield code="d">OCLCQ</marc:subfield>
            <marc:subfield code="d">OCLCA</marc:subfield>
            <marc:subfield code="d">OCLCQ</marc:subfield>
            <marc:subfield code="d">UPZ</marc:subfield>
            <marc:subfield code="d">OCLCO</marc:subfield>
            <marc:subfield code="d">UOK</marc:subfield>
        </marc:datafield>
        <marc:datafield tag="041" ind1=" " ind2=" ">
            <marc:subfield code="a">mul</marc:subfield>
        </marc:datafield>
        <marc:datafield tag="049" ind1=" " ind2=" ">
            <marc:subfield code="a">UOKA</marc:subfield>
        </marc:datafield>
        <marc:datafield tag="050" ind1="1" ind2="4">
            <marc:subfield code="a">PR6005.H66</marc:subfield>
            <marc:subfield code="b">D4 2009</marc:subfield>
        </marc:datafield>
        <marc:datafield tag="082" ind1="0" ind2="4">
            <marc:subfield code="a">791.43/72</marc:subfield>
            <marc:subfield code="2">22</marc:subfield>
        </marc:datafield>
        <marc:datafield tag="092" ind1=" " ind2=" ">
            <marc:subfield code="a">DVD DEATH O</marc:subfield>
        </marc:datafield>
        <marc:datafield tag="130" ind1=" " ind2=" ">
            <marc:subfield code="a">Death on the Nile</marc:subfield>
            <marc:subfield code="1">http://www.wikidata.org/entity/Q1059914</marc:subfield>
        </marc:datafield>
        <marc:datafield tag="245" ind1="0" ind2="0">
            <marc:subfield code="a">Death on the Nile /</marc:subfield>
            <marc:subfield code="c">EMI Films ; produced by John Brabourne, Richard Goodwin ; screenplay by Anthony Shaffer ; directed by John Guillermin.</marc:subfield>
        </marc:datafield>
        <marc:datafield tag="246" ind1="3" ind2="0">
            <marc:subfield code="a">Agatha Christie's Death on the Nile</marc:subfield>
        </marc:datafield>
        <marc:datafield tag="264" ind1=" " ind2="1">
            <marc:subfield code="a">[Santa Monica, Calif.] :</marc:subfield>
            <marc:subfield code="b">Lionsgate,</marc:subfield>
            <marc:subfield code="c">[2009]</marc:subfield>
        </marc:datafield>
        <marc:datafield tag="300" ind1=" " ind2=" ">
            <marc:subfield code="a">1 videodisc (140 min.) :</marc:subfield>
            <marc:subfield code="b">sound, color ;</marc:subfield>
            <marc:subfield code="c">4 3/4 in.</marc:subfield>
        </marc:datafield>
        <marc:datafield tag="336" ind1=" " ind2=" ">
            <marc:subfield code="a">two-dimensional moving image</marc:subfield>
            <marc:subfield code="b">tdi</marc:subfield>
            <marc:subfield code="2">rdacontent</marc:subfield>
            <marc:subfield code="0">http://rdaregistry.info/termList/RDAContentType/1023</marc:subfield>
        </marc:datafield>
        <marc:datafield tag="337" ind1=" " ind2=" ">
            <marc:subfield code="a">video</marc:subfield>
            <marc:subfield code="b">v</marc:subfield>
            <marc:subfield code="2">rdamedia</marc:subfield>
            <marc:subfield code="0">http://rdaregistry.info/termList/RDAMediaType/1008</marc:subfield>
        </marc:datafield>
        <marc:datafield tag="338" ind1=" " ind2=" ">
            <marc:subfield code="a">videodisc</marc:subfield>
            <marc:subfield code="b">vd</marc:subfield>
            <marc:subfield code="2">rdacarrier</marc:subfield>
            <marc:subfield code="0">http://rdaregistry.info/termList/RDACarrierType/1060</marc:subfield>
        </marc:datafield>
        <marc:datafield tag="380" ind1=" " ind2=" ">
            <marc:subfield code="a">Moving image work</marc:subfield>
            <marc:subfield code="0">https://schema.nb.no/Bibliographic/Values/V1002</marc:subfield>
        </marc:datafield>
        <marc:datafield tag="500" ind1=" " ind2=" ">
            <marc:subfield code="a">Originally produced as a motion picture in 1978.</marc:subfield>
        </marc:datafield>
        <marc:datafield tag="500" ind1=" " ind2=" ">
            <marc:subfield code="a">Based on the book of the same title by Agatha Christie.</marc:subfield>
        </marc:datafield>
        <marc:datafield tag="500" ind1=" " ind2=" ">
            <marc:subfield code="a">Special features: Making-of featurette ; interviews with Peter Ustinov and Jane Birkin ; theatrical trailer ; talent bios.</marc:subfield>
        </marc:datafield>
        <marc:datafield tag="508" ind1=" " ind2=" ">
            <marc:subfield code="a">Music composed by Nino Rota ; director of photography, Jack Cardiff ; editor, Malcolm Cooke ; costumes designed by Anthony Powell.</marc:subfield>
        </marc:datafield>
        <marc:datafield tag="511" ind1="1" ind2=" ">
            <marc:subfield code="a">Peter Ustinov, Bette Davis, David Niven, Angela Lansbury, Maggie Smith, Mia Farrow, George Kennedy, Jon Finch, Olivia Hussey, Simon MacCorkindale, Jane Birkin, Jack Warden, Lois Chiles, Harry Andrews, I.S. Johar, Sam Wanamaker.</marc:subfield>
        </marc:datafield>
        <marc:datafield tag="520" ind1=" " ind2=" ">
            <marc:subfield code="a">Set amidst the Egyptian landscape, Hercule Poirot must unravel the web of treachery and guilt woven by the murderer of a beautiful young heiress.</marc:subfield>
        </marc:datafield>
        <marc:datafield tag="521" ind1="8" ind2=" ">
            <marc:subfield code="a">MPAA rating: PG.</marc:subfield>
        </marc:datafield>
        <marc:datafield tag="538" ind1=" " ind2=" ">
            <marc:subfield code="a">DVD, region 1, widescreen (1.85:1) presentation, enhanced for 16x9 TVs; Dolby digital 2.0.</marc:subfield>
        </marc:datafield>
        <marc:datafield tag="586" ind1=" " ind2=" ">
            <marc:subfield code="a">Academy Awards, 1979: Best Costume Design.</marc:subfield>
        </marc:datafield>
        <marc:datafield tag="600" ind1="1" ind2="0">
            <marc:subfield code="a">Poirot, Hercule</marc:subfield>
            <marc:subfield code="c">(Fictitious character)</marc:subfield>
            <marc:subfield code="v">Drama.</marc:subfield>
        </marc:datafield>
        <marc:datafield tag="655" ind1=" " ind2="7">
            <marc:subfield code="a">Feature films</marc:subfield>
            <marc:subfield code="2">lcgft</marc:subfield>
        </marc:datafield>
        <marc:datafield tag="655" ind1=" " ind2="7">
            <marc:subfield code="a">Detective and mystery films</marc:subfield>
            <marc:subfield code="2">lcgft</marc:subfield>
        </marc:datafield>
        <marc:datafield tag="655" ind1=" " ind2="7">
            <marc:subfield code="a">Fiction films</marc:subfield>
            <marc:subfield code="2">lcgft</marc:subfield>
        </marc:datafield>
        <marc:datafield tag="700" ind1="1" ind2=" ">
            <marc:subfield code="a">Shaffer, Anthony,</marc:subfield>
            <marc:subfield code="d">1926-2001</marc:subfield>
            <marc:subfield code="1">http://www.wikidata.org/entity/Q573997</marc:subfield>
            <marc:subfield code="4">http://rdaregistry.info/Elements/w/object/P10203</marc:subfield>
        </marc:datafield>
        <marc:datafield tag="700" ind1="1" ind2=" ">
            <marc:subfield code="a">Guillermin, John,</marc:subfield>
            <marc:subfield code="d">1925-2015</marc:subfield>
            <marc:subfield code="1">http://www.wikidata.org/entity/Q137489</marc:subfield>
            <marc:subfield code="4">http://rdaregistry.info/Elements/w/object/P10013</marc:subfield>
        </marc:datafield>
        <marc:datafield tag="700" ind1="1" ind2=" ">
            <marc:subfield code="a">Cardiff, Jack</marc:subfield>
            <marc:subfield code="1">http://www.wikidata.org/entity/Q436704</marc:subfield>
            <marc:subfield code="4">http://rdaregistry.info/Elements/w/object/P10068</marc:subfield>
        </marc:datafield>
        <marc:datafield tag="700" ind1="1" ind2=" ">
            <marc:subfield code="a">Cook, Malcolm</marc:subfield>
            <marc:subfield code="1">http://www.wikidata.org/entity/Q18628914</marc:subfield>
            <marc:subfield code="4">http://rdaregistry.info/Elements/e/object/P20055</marc:subfield>
        </marc:datafield>
        <marc:datafield tag="700" ind1="1" ind2=" ">
            <marc:subfield code="a">Powell, Anthony</marc:subfield>
            <marc:subfield code="1">http://www.wikidata.org/entity/Q573805</marc:subfield>
            <marc:subfield code="4">http://rdaregistry.info/Elements/e/object/P20036</marc:subfield>
        </marc:datafield>
        <marc:datafield tag="700" ind1="1" ind2=" ">
            <marc:subfield code="a">Rota, Nino</marc:subfield>
            <marc:subfield code="1">http://www.wikidata.org/entity/Q214665</marc:subfield>
            <marc:subfield code="4">http://rdaregistry.info/Elements/w/object/P10053</marc:subfield>
        </marc:datafield>
        <marc:datafield tag="700" ind1="1" ind2=" ">
            <marc:subfield code="a">Goodwin, Richard B.</marc:subfield>
            <marc:subfield code="1">http://www.wikidata.org/entity/Q22959274</marc:subfield>
            <marc:subfield code="4">http://rdaregistry.info/Elements/w/object/P10073</marc:subfield>
        </marc:datafield>
        <marc:datafield tag="700" ind1="1" ind2=" ">
            <marc:subfield code="a">Brabourne, John</marc:subfield>
            <marc:subfield code="1">http://www.wikidata.org/entity/Q332969</marc:subfield>
            <marc:subfield code="4">http://rdaregistry.info/Elements/w/object/P10073</marc:subfield>
        </marc:datafield>
        <marc:datafield tag="700" ind1="1" ind2=" ">
            <marc:subfield code="a">Ustinov, Peter</marc:subfield>
            <marc:subfield code="1">http://www.wikidata.org/entity/Q55796</marc:subfield>
            <marc:subfield code="4">http://rdaregistry.info/Elements/e/object/P20012</marc:subfield>
        </marc:datafield>
        <marc:datafield tag="700" ind1="1" ind2=" ">
            <marc:subfield code="a">Davis, Bette,</marc:subfield>
            <marc:subfield code="d">1908-1989</marc:subfield>
            <marc:subfield code="1">http://www.wikidata.org/entity/Q71206</marc:subfield>
            <marc:subfield code="4">http://rdaregistry.info/Elements/e/object/P20012</marc:subfield>
        </marc:datafield>
        <marc:datafield tag="700" ind1="1" ind2=" ">
            <marc:subfield code="a">Niven, David,</marc:subfield>
            <marc:subfield code="d">1910-1983</marc:subfield>
            <marc:subfield code="1">http://www.wikidata.org/entity/Q181917</marc:subfield>
            <marc:subfield code="4">http://rdaregistry.info/Elements/e/object/P20012</marc:subfield>
        </marc:datafield>
        <marc:datafield tag="700" ind1="1" ind2=" ">
            <marc:subfield code="a">Lansbury, Angela,</marc:subfield>
            <marc:subfield code="d">1925-</marc:subfield>
            <marc:subfield code="1">http://www.wikidata.org/entity/Q206856</marc:subfield>
            <marc:subfield code="4">http://rdaregistry.info/Elements/e/object/P20012</marc:subfield>
        </marc:datafield>
        <marc:datafield tag="700" ind1="1" ind2=" ">
            <marc:subfield code="a">Smith, Maggie,</marc:subfield>
            <marc:subfield code="d">1934-</marc:subfield>
            <marc:subfield code="1">http://www.wikidata.org/entity/Q172653</marc:subfield>
            <marc:subfield code="4">http://rdaregistry.info/Elements/e/object/P20012</marc:subfield>
        </marc:datafield>
        <marc:datafield tag="700" ind1="1" ind2=" ">
            <marc:subfield code="a">Farrow, Mia,</marc:subfield>
            <marc:subfield code="d">1945-</marc:subfield>
            <marc:subfield code="1">http://www.wikidata.org/entity/Q202725</marc:subfield>
            <marc:subfield code="4">http://rdaregistry.info/Elements/e/object/P20012</marc:subfield>
        </marc:datafield>
        <marc:datafield tag="700" ind1="1" ind2=" ">
            <marc:subfield code="a">Kennedy, George,</marc:subfield>
            <marc:subfield code="d">1925-2016</marc:subfield>
            <marc:subfield code="1">http://www.wikidata.org/entity/Q298818</marc:subfield>
            <marc:subfield code="4">http://rdaregistry.info/Elements/e/object/P20012</marc:subfield>
        </marc:datafield>
        <marc:datafield tag="700" ind1="1" ind2=" ">
            <marc:subfield code="a">Finch, Jon,</marc:subfield>
            <marc:subfield code="d">1941-2012</marc:subfield>
            <marc:subfield code="1">http://www.wikidata.org/entity/Q1381397</marc:subfield>
            <marc:subfield code="4">http://rdaregistry.info/Elements/e/object/P20012</marc:subfield>
        </marc:datafield>
        <marc:datafield tag="700" ind1="1" ind2=" ">
            <marc:subfield code="a">Hussey, Olivia</marc:subfield>
            <marc:subfield code="1">http://www.wikidata.org/entity/Q234293</marc:subfield>
            <marc:subfield code="4">http://rdaregistry.info/Elements/e/object/P20012</marc:subfield>
        </marc:datafield>
        <marc:datafield tag="700" ind1="1" ind2=" ">
            <marc:subfield code="a">MacCorkindale, Simon,</marc:subfield>
            <marc:subfield code="d">1952-2010</marc:subfield>
            <marc:subfield code="1">http://www.wikidata.org/entity/Q608022</marc:subfield>
            <marc:subfield code="4">http://rdaregistry.info/Elements/e/object/P20012</marc:subfield>
        </marc:datafield>
        <marc:datafield tag="700" ind1="1" ind2=" ">
            <marc:subfield code="a">Birkin, Jane,</marc:subfield>
            <marc:subfield code="d">1946-</marc:subfield>
            <marc:subfield code="1">http://www.wikidata.org/entity/Q212873</marc:subfield>
            <marc:subfield code="4">http://rdaregistry.info/Elements/e/object/P20012</marc:subfield>
        </marc:datafield>
        <marc:datafield tag="700" ind1="1" ind2=" ">
            <marc:subfield code="a">Warden, Jack</marc:subfield>
            <marc:subfield code="1">http://www.wikidata.org/entity/Q373968</marc:subfield>
            <marc:subfield code="4">http://rdaregistry.info/Elements/e/object/P20012</marc:subfield>
        </marc:datafield>
        <marc:datafield tag="700" ind1="1" ind2=" ">
            <marc:subfield code="a">Wanamaker, Sam</marc:subfield>
            <marc:subfield code="1">http://www.wikidata.org/entity/Q1370307</marc:subfield>
            <marc:subfield code="4">http://rdaregistry.info/Elements/e/object/P20012</marc:subfield>
        </marc:datafield>
        <marc:datafield tag="700" ind1="1" ind2=" ">
            <marc:subfield code="a">Andrews, Harry</marc:subfield>
            <marc:subfield code="1">http://www.wikidata.org/entity/Q1340574</marc:subfield>
            <marc:subfield code="4">http://rdaregistry.info/Elements/e/object/P20012</marc:subfield>
        </marc:datafield>
        <marc:datafield tag="700" ind1="1" ind2=" ">
            <marc:subfield code="a">Johar, I. S.</marc:subfield>
            <marc:subfield code="1">http://www.wikidata.org/entity/Q11108314</marc:subfield>
            <marc:subfield code="4"></marc:subfield>
        </marc:datafield>
        <marc:datafield tag="700" ind1="1" ind2=" ">
            <marc:subfield code="a">Chiles, Lois,</marc:subfield>
            <marc:subfield code="d">1947-</marc:subfield>
            <marc:subfield code="1">http://www.wikidata.org/entity/Q238327</marc:subfield>
            <marc:subfield code="4">http://rdaregistry.info/Elements/e/object/P20012</marc:subfield>
        </marc:datafield>
        <marc:datafield tag="700" ind1="1" ind2=" ">
            <marc:subfield code="a">Christie, Agatha,</marc:subfield>
            <marc:subfield code="d">1890-1976.</marc:subfield>
            <marc:subfield code="t">Death on the Nile.</marc:subfield>
            <marc:subfield code="1">http://viaf.org/viaf/309258229</marc:subfield>
            <marc:subfield code="4">http://rdaregistry.info/Elements/w/object/P10129</marc:subfield>
        </marc:datafield>
        <marc:datafield tag="710" ind1="2" ind2=" ">
            <marc:subfield code="a">E.M.I. Films</marc:subfield>
        </marc:datafield>
        <marc:datafield tag="710" ind1="2" ind2=" ">
            <marc:subfield code="a">Lions Gate Films (Santa Monica, Calif.)</marc:subfield>
        </marc:datafield>
        <marc:datafield tag="710" ind1="2" ind2=" ">
            <marc:subfield code="a">Studio Canal+</marc:subfield>
        </marc:datafield>
        <marc:datafield tag="991" ind1=" " ind2=" ">
            <marc:subfield code="a">Processed by Marcive 090820</marc:subfield>
        </marc:datafield>
        <marc:datafield tag="991" ind1=" " ind2=" ">
            <marc:subfield code="a">Processed by Marcive 100520</marc:subfield>
        </marc:datafield>
        <marc:datafield tag="991" ind1=" " ind2=" ">
            <marc:subfield code="a">Processed by Marcive 110220</marc:subfield>
        </marc:datafield>
        <marc:datafield tag="994" ind1=" " ind2=" ">
            <marc:subfield code="a">C0</marc:subfield>
            <marc:subfield code="b">UOK</marc:subfield>
        </marc:datafield>
        <marc:datafield tag="997" ind1=" " ind2=" ">
            <marc:subfield code="a">2957488</marc:subfield>
        </marc:datafield>
        <marc:datafield tag="999" ind1=" " ind2=" ">
            <marc:subfield code="a">2957488</marc:subfield>
            <marc:subfield code="b">02957488</marc:subfield>
            <marc:subfield code="c">200902957488</marc:subfield>
        </marc:datafield>
    </marc:record>