
    <marc:record>
        <marc:leader>00606ncm a22001813  4500</marc:leader>
        <marc:controlfield tag="001">020088231</marc:controlfield>
        <marc:controlfield tag="003">UkOxU</marc:controlfield>
        <marc:controlfield tag="005">20150108180831.0</marc:controlfield>
        <marc:controlfield tag="008">150108s1978    xx |||         |    ||| d</marc:controlfield>
        <marc:datafield tag="035" ind1=" " ind2=" ">
            <marc:subfield code="a">bodmusic189038</marc:subfield>
        </marc:datafield>
        <marc:datafield tag="040" ind1=" " ind2=" ">
            <marc:subfield code="a">UkOxU</marc:subfield>
            <marc:subfield code="c">UkOxU</marc:subfield>
        </marc:datafield>
        <marc:datafield tag="100" ind1="1" ind2=" ">
            <marc:subfield code="a">Rota, Nino,</marc:subfield>
            <marc:subfield code="d">1911-1979,</marc:subfield>
            <marc:subfield code="e">composer.</marc:subfield>
            <marc:subfield code="1">http://www.wikidata.org/entity/Q214665</marc:subfield>
            <marc:subfield code="4">http://rdaregistry.info/Elements/w/object/P10053</marc:subfield>
        </marc:datafield>
        <marc:datafield tag="240" ind1="1" ind2="0">
            <marc:subfield code="a">Death on the Nile</marc:subfield>
            <marc:subfield code="1">http://www.wikidata.org/entity/Q214665/lovetheme</marc:subfield>
            <marc:subfield code="8">1/e</marc:subfield>
        </marc:datafield>
        <marc:datafield tag="740" ind1="1" ind2="0">
            <marc:subfield code="a">Love theme from Death on the Nile (Piano solo)</marc:subfield>
            <marc:subfield code="8">1/e</marc:subfield>
        </marc:datafield>
        <marc:datafield tag="245" ind1="1" ind2="0">
            <marc:subfield code="a">Love theme from Death on the Nile. (Piano solo). By N. Rota.</marc:subfield>
        </marc:datafield>
        <marc:datafield tag="260" ind1=" " ind2=" ">
            <marc:subfield code="a">London :</marc:subfield>
            <marc:subfield code="b">EMI film and theatre music,</marc:subfield>
            <marc:subfield code="c">1978.</marc:subfield>
        </marc:datafield>
        <marc:datafield tag="300" ind1=" " ind2=" ">
            <marc:subfield code="a">1 score.</marc:subfield>
        </marc:datafield>
        <marc:datafield tag="336" ind1=" " ind2=" ">
            <marc:subfield code="a">notated music</marc:subfield>
            <marc:subfield code="b">ntm</marc:subfield>
            <marc:subfield code="2">rdacontent</marc:subfield>
            <marc:subfield code="0">http://rdaregistry.info/termList/RDAContentType/1010</marc:subfield>
        </marc:datafield>
        <marc:datafield tag="337" ind1=" " ind2=" ">
            <marc:subfield code="a">unmediated</marc:subfield>
            <marc:subfield code="b">n</marc:subfield>
            <marc:subfield code="2">rdamedia</marc:subfield>
            <marc:subfield code="0">http://rdaregistry.info/termList/RDAMediaType/1007</marc:subfield>
        </marc:datafield>
        <marc:datafield tag="338" ind1=" " ind2=" ">
            <marc:subfield code="a">volume</marc:subfield>
            <marc:subfield code="b">nc</marc:subfield>
            <marc:subfield code="2">rdacarrier</marc:subfield>
            <marc:subfield code="0">http://rdaregistry.info/termList/RDACarrierType/1049</marc:subfield>
        </marc:datafield>
        <marc:datafield tag="380" ind1=" " ind2=" ">
            <marc:subfield code="a">Musical work</marc:subfield>
            <marc:subfield code="0">https://schema.nb.no/Bibliographic/Values/V1001</marc:subfield>
        </marc:datafield>
        <marc:datafield tag="758" ind1=" "  ind2=" ">
            <marc:subfield code="a">Death on the Nile</marc:subfield>
            <marc:subfield code="1">http://www.wikidata.org/entity/Q1059914</marc:subfield>
            <marc:subfield code="4">http://rdaregistry.info/Elements/w/object/P10106</marc:subfield>
        </marc:datafield>
        <marc:datafield tag="856" ind1="4" ind2="2">
            <marc:subfield code="3">Link to the original card catalogue</marc:subfield>
            <marc:subfield code="u">http://purl.ox.ac.uk/mmid/mus189038</marc:subfield>
        </marc:datafield>
        <marc:datafield tag="852" ind1="8" ind2=" ">
            <marc:subfield code="a">UkOxU</marc:subfield>
            <marc:subfield code="b">BODBL</marc:subfield>
            <marc:subfield code="h">Mus. Pop. E.1978.89</marc:subfield>
        </marc:datafield>
    </marc:record>
</marc:collection>
